轮数,方向,预测值,算法开始时间,是否下单,下单价格,档位,下单量,下单耗时(从预测到下单),r1,r2,std,freq,qty_scalar,经过时间,剩余时间,目标速度,实际速度,剩余量,是否为最后一轮
1,SELL,0.407298,21:07:23.358447533,no,-,-,-,-,0.909091,1.100000,0.824910,2,1,331,3269,1.250000,0.000000,4500,no
2,SELL,0.429833,21:07:23.358447533,no,-,-,-,-,0.826446,1.210000,0.824910,2,1,334,3266,1.250000,0.000000,4500,no
3,SELL,1.581461,21:07:23.358447533,no,-,-,-,-,0.751315,1.331000,0.824910,2,1,338,3262,1.250000,0.000000,4500,no
4,SELL,0.886853,21:07:23.358447533,no,-,-,-,-,0.683013,1.464100,0.824910,2,1,342,3258,1.250000,0.000000,4500,no
5,SELL,0.474822,21:07:23.358447533,no,-,-,-,-,0.620921,1.610510,0.824910,2,1,346,3254,1.250000,0.000000,4500,no
6,SELL,1.293347,21:07:23.358447533,no,-,-,-,-,0.564474,1.771561,0.824910,2,1,349,3251,1.250000,0.000000,4500,no
7,SELL,1.370247,21:07:23.358447533,no,-,-,-,-,0.513158,1.948717,0.824910,2,1,354,3246,1.250000,0.000000,4500,no
8,SELL,1.356507,21:07:23.358447533,no,-,-,-,-,0.466507,2.143589,0.824910,2,1,359,3241,1.250000,0.000000,4500,no
9,SELL,1.917382,21:07:23.358447533,no,-,-,-,-,0.424098,2.357948,0.824910,2,1,362,3238,1.250000,0.000000,4500,no
10,SELL,1.417927,21:07:23.358447533,no,-,-,-,-,0.385543,2.593742,0.824910,2,1,365,3235,1.250000,0.000000,4500,no
11,SELL,1.633101,21:07:23.358447533,no,-,-,-,-,0.350494,2.853117,0.824910,2,1,368,3232,1.250000,0.000000,4500,no
12,SELL,1.415357,21:07:23.358447533,no,-,-,-,-,0.318631,3.138428,0.824910,2,1,372,3228,1.250000,0.000000,4500,no
13,SELL,0.870674,21:07:23.358447533,no,-,-,-,-,0.289664,3.452271,0.824910,2,1,375,3225,1.250000,0.000000,4500,no
14,SELL,1.382701,21:07:23.358447533,no,-,-,-,-,0.263331,3.797498,0.824910,2,1,380,3220,1.250000,0.000000,4500,no
15,SELL,1.886286,21:07:23.358447533,no,-,-,-,-,0.239392,4.177248,0.824910,2,1,382,3218,1.250000,0.000000,4500,no
16,SELL,0.971805,21:07:23.358447533,no,-,-,-,-,0.217629,4.594973,0.824910,2,1,386,3214,1.250000,0.000000,4500,no
17,SELL,1.582624,21:07:23.358447533,no,-,-,-,-,0.197845,5.054470,0.824910,2,1,392,3208,1.250000,0.000000,4500,no
18,SELL,1.897376,21:07:23.358447533,no,-,-,-,-,0.179859,5.559917,0.824910,2,1,395,3205,1.250000,0.000000,4500,no
19,SELL,1.571703,21:07:23.358447533,no,-,-,-,-,0.163508,6.115909,0.824910,2,1,398,3202,1.250000,0.000000,4500,no
20,SELL,1.639847,21:07:23.358447533,no,-,-,-,-,0.148644,6.727500,0.824910,2,1,402,3198,1.250000,0.000000,4500,no
21,SELL,1.383668,21:07:23.358447533,no,-,-,-,-,0.135131,7.400250,0.824910,2,1,406,3194,1.250000,0.000000,4500,no
22,SELL,1.322280,21:07:23.358447533,no,-,-,-,-,0.122846,8.140275,0.824910,2,1,409,3191,1.250000,0.000000,4500,no
23,SELL,1.518211,21:07:23.358447533,no,-,-,-,-,0.111678,8.954302,0.824910,2,1,411,3189,1.250000,0.000000,4500,no
24,SELL,1.756391,21:07:23.358447533,no,-,-,-,-,0.101526,9.849733,0.824910,2,1,415,3185,1.250000,0.000000,4500,no
25,SELL,1.419588,21:07:23.358447533,no,-,-,-,-,0.100000,10.000000,0.824910,2,1,420,3180,1.250000,0.000000,4500,no
26,SELL,1.765429,21:07:23.358447533,no,-,-,-,-,0.100000,10.000000,0.824910,2,1,425,3175,1.250000,0.000000,4500,no
27,SELL,1.601568,21:07:23.358447533,no,-,-,-,-,0.100000,10.000000,0.824910,2,1,430,3170,1.250000,0.000000,4500,no
28,SELL,0.796033,21:07:23.358447533,no,-,-,-,-,0.100000,10.000000,0.824910,2,1,435,3165,1.250000,0.000000,4500,no
29,SELL,0.501851,21:07:23.358447533,no,-,-,-,-,0.100000,10.000000,0.824910,2,1,439,3161,1.250000,0.000000,4500,no
30,SELL,1.019831,21:07:23.358447533,no,-,-,-,-,0.100000,10.000000,0.824910,2,1,444,3156,1.250000,0.000000,4500,no
31,SELL,1.057646,21:07:23.358447533,no,-,-,-,-,0.100000,10.000000,0.824910,2,1,447,3153,1.250000,0.000000,4500,no
32,SELL,1.319048,21:07:23.358447533,no,-,-,-,-,0.100000,10.000000,0.824910,2,1,451,3149,1.250000,0.000000,4500,no
33,SELL,0.487574,21:07:23.358447533,no,-,-,-,-,0.100000,10.000000,0.824910,2,1,456,3144,1.250000,0.000000,4500,no
34,SELL,0.397426,21:07:23.358447533,no,-,-,-,-,0.100000,10.000000,0.824910,2,1,459,3141,1.250000,0.000000,4500,no
35,SELL,0.682413,21:07:23.358447533,no,-,-,-,-,0.100000,10.000000,0.824910,2,1,464,3136,1.250000,0.000000,4500,no
36,SELL,0.624400,21:07:23.358447533,no,-,-,-,-,0.100000,10.000000,0.824910,2,1,466,3134,1.250000,0.000000,4500,no
37,SELL,0.745623,21:07:23.358447533,no,-,-,-,-,0.100000,10.000000,0.824910,2,1,469,3131,1.250000,0.000000,4500,no
38,SELL,0.229324,21:07:23.358447533,no,-,-,-,-,0.100000,10.000000,0.824910,2,1,474,3126,1.250000,0.000000,4500,no
39,SELL,0.541979,21:07:23.358447533,no,-,-,-,-,0.100000,10.000000,0.824910,2,1,478,3122,1.250000,0.000000,4500,no
40,SELL,0.614023,21:07:23.358447533,no,-,-,-,-,0.100000,10.000000,0.824910,2,1,481,3119,1.250000,0.000000,4500,no
41,SELL,0.159082,21:07:23.358447533,no,-,-,-,-,0.100000,10.000000,0.824910,2,1,486,3114,1.250000,0.000000,4500,no
42,SELL,0.850290,21:07:23.358447533,no,-,-,-,-,0.100000,10.000000,0.824910,2,1,489,3111,1.250000,0.000000,4500,no
43,SELL,0.427408,21:07:23.358447533,no,-,-,-,-,0.100000,10.000000,0.824910,2,1,494,3106,1.250000,0.000000,4500,no
44,SELL,1.700549,21:07:23.358447533,no,-,-,-,-,0.100000,10.000000,0.824910,2,1,500,3100,1.250000,0.000000,4500,no
45,SELL,1.444712,21:07:23.358447533,no,-,-,-,-,0.100000,10.000000,0.824910,2,1,503,3097,1.250000,0.000000,4500,no
46,SELL,1.425295,21:07:23.358447533,no,-,-,-,-,0.100000,10.000000,0.824910,2,1,508,3092,1.250000,0.000000,4500,no
47,SELL,1.284065,21:07:23.358447533,no,-,-,-,-,0.100000,10.000000,0.824910,2,1,511,3089,1.250000,0.000000,4500,no
48,SELL,0.849697,21:07:23.358447533,no,-,-,-,-,0.100000,10.000000,0.824910,2,1,516,3084,1.250000,0.000000,4500,no
49,SELL,1.143415,21:07:23.358447533,no,-,-,-,-,0.100000,10.000000,0.824910,2,1,521,3079,1.250000,0.000000,4500,no
50,SELL,0.733651,21:07:23.358447533,no,-,-,-,-,0.100000,10.000000,0.824910,2,1,525,3075,1.250000,0.000000,4500,no
51,SELL,1.083110,21:07:23.358447533,no,-,-,-,-,0.100000,10.000000,0.824910,2,1,529,3071,1.250000,0.000000,4500,no
52,SELL,1.548716,21:07:23.358447533,no,-,-,-,-,0.100000,10.000000,0.824910,2,1,533,3067,1.250000,0.000000,4500,no
53,SELL,1.590209,21:07:23.358447533,no,-,-,-,-,0.100000,10.000000,0.824910,2,1,538,3062,1.250000,0.000000,4500,no
54,SELL,0.761568,21:07:23.358447533,no,-,-,-,-,0.100000,10.000000,0.824910,2,1,544,3056,1.250000,0.000000,4500,no
55,SELL,0.790064,21:07:23.358447533,no,-,-,-,-,0.100000,10.000000,0.824910,2,1,551,3049,1.250000,0.000000,4500,no
56,SELL,0.418376,21:07:23.358447533,no,-,-,-,-,0.100000,10.000000,0.824910,2,1,556,3044,1.250000,0.000000,4500,no
57,SELL,0.854496,21:07:23.358447533,no,-,-,-,-,0.100000,10.000000,0.824910,2,1,561,3039,1.250000,0.000000,4500,no
58,SELL,1.352925,21:07:23.358447533,no,-,-,-,-,0.100000,10.000000,0.824910,2,1,565,3035,1.250000,0.000000,4500,no
59,SELL,1.934831,21:07:23.358447533,no,-,-,-,-,0.100000,10.000000,0.824910,2,1,570,3030,1.250000,0.000000,4500,no
60,SELL,1.403052,21:07:23.358447533,no,-,-,-,-,0.100000,10.000000,0.824910,2,1,574,3026,1.250000,0.000000,4500,no
61,SELL,1.328031,21:07:23.358447533,no,-,-,-,-,0.100000,10.000000,0.824910,2,1,578,3022,1.250000,0.000000,4500,no
62,SELL,2.564512,21:07:23.358447533,no,-,-,-,-,0.100000,10.000000,0.824910,2,1,582,3018,1.250000,0.000000,4500,no
63,SELL,1.855713,21:07:23.358447533,no,-,-,-,-,0.100000,10.000000,0.824910,2,1,585,3015,1.250000,0.000000,4500,no
64,SELL,2.622617,21:07:23.358447533,no,-,-,-,-,0.100000,10.000000,0.824910,2,1,590,3010,1.250000,0.000000,4500,no
65,SELL,2.432451,21:07:23.358447533,no,-,-,-,-,0.100000,10.000000,0.824910,2,1,594,3006,1.250000,0.000000,4500,no
66,SELL,1.869413,21:07:23.358447533,no,-,-,-,-,0.100000,10.000000,0.824910,2,1,599,3001,1.250000,0.000000,4500,no
67,SELL,2.409500,21:07:23.358447533,no,-,-,-,-,0.100000,10.000000,0.824910,2,1,603,2997,1.250000,0.000000,4500,no
68,SELL,2.316393,21:07:23.358447533,no,-,-,-,-,0.100000,10.000000,0.824910,2,1,606,2994,1.250000,0.000000,4500,no
69,SELL,0.845825,21:07:23.358447533,no,-,-,-,-,0.100000,10.000000,0.824910,2,1,610,2990,1.250000,0.000000,4500,no
70,SELL,0.591139,21:07:23.358447533,no,-,-,-,-,0.100000,10.000000,0.824910,2,1,613,2987,1.250000,0.000000,4500,no
71,SELL,0.757131,21:07:23.358447533,no,-,-,-,-,0.100000,10.000000,0.824910,2,1,616,2984,1.250000,0.000000,4500,no
72,SELL,2.406476,21:07:23.358447533,no,-,-,-,-,0.100000,10.000000,0.824910,2,1,620,2980,1.250000,0.000000,4500,no
73,SELL,1.503063,21:07:23.358447533,no,-,-,-,-,0.100000,10.000000,0.824910,2,1,624,2976,1.250000,0.000000,4500,no
74,SELL,1.404547,21:07:23.358447533,no,-,-,-,-,0.100000,10.000000,0.824910,2,1,628,2972,1.250000,0.000000,4500,no
75,SELL,1.531312,21:07:23.358447533,no,-,-,-,-,0.100000,10.000000,0.824910,2,1,632,2968,1.250000,0.000000,4500,no
76,SELL,1.691578,21:07:23.358447533,no,-,-,-,-,0.100000,10.000000,0.824910,2,1,637,2963,1.250000,0.000000,4500,no
77,SELL,1.535382,21:07:23.358447533,no,-,-,-,-,0.100000,10.000000,0.824910,2,1,639,2961,1.250000,0.000000,4500,no
78,SELL,1.183081,21:07:23.358447533,no,-,-,-,-,0.100000,10.000000,0.824910,2,1,642,2958,1.250000,0.000000,4500,no
79,SELL,0.573894,21:07:23.358447533,no,-,-,-,-,0.100000,10.000000,0.824910,2,1,644,2956,1.250000,0.000000,4500,no
80,SELL,0.806897,21:07:23.358447533,no,-,-,-,-,0.100000,10.000000,0.824910,2,1,647,2953,1.250000,0.000000,4500,no
81,SELL,0.680045,21:07:23.358447533,no,-,-,-,-,0.100000,10.000000,0.824910,2,1,650,2950,1.250000,0.000000,4500,no
82,SELL,0.877913,21:07:23.358447533,no,-,-,-,-,0.100000,10.000000,0.824910,2,1,654,2946,1.250000,0.000000,4500,no
83,SELL,0.997617,21:07:23.358447533,no,-,-,-,-,0.100000,10.000000,0.824910,2,1,658,2942,1.250000,0.000000,4500,no
84,SELL,1.075707,21:07:23.358447533,no,-,-,-,-,0.100000,10.000000,0.824910,2,1,661,2939,1.250000,0.000000,4500,no
85,SELL,1.257726,21:07:23.358447533,no,-,-,-,-,0.100000,10.000000,0.824910,2,1,666,2934,1.250000,0.000000,4500,no
86,SELL,1.079050,21:07:23.358447533,no,-,-,-,-,0.100000,10.000000,0.824910,2,1,669,2931,1.250000,0.000000,4500,no
87,SELL,0.977561,21:07:23.358447533,no,-,-,-,-,0.100000,10.000000,0.824910,2,1,672,2928,1.250000,0.000000,4500,no
88,SELL,2.573891,21:07:23.358447533,no,-,-,-,-,0.100000,10.000000,0.824910,2,1,676,2924,1.250000,0.000000,4500,no
89,SELL,1.530716,21:07:23.358447533,no,-,-,-,-,0.100000,10.000000,0.824910,2,1,680,2920,1.250000,0.000000,4500,no
90,SELL,1.910244,21:07:23.358447533,no,-,-,-,-,0.100000,10.000000,0.824910,2,1,682,2918,1.250000,0.000000,4500,no
91,SELL,2.693203,21:07:23.358447533,no,-,-,-,-,0.100000,10.000000,0.824910,2,1,686,2914,1.250000,0.000000,4500,no
92,SELL,2.465873,21:07:23.358447533,no,-,-,-,-,0.100000,10.000000,0.824910,2,1,690,2910,1.250000,0.000000,4500,no
93,SELL,2.456987,21:07:23.358447533,no,-,-,-,-,0.100000,10.000000,0.824910,2,1,693,2907,1.250000,0.000000,4500,no
94,SELL,2.183625,21:07:23.358447533,no,-,-,-,-,0.100000,10.000000,0.824910,2,1,697,2903,1.250000,0.000000,4500,no
95,SELL,0.996827,21:07:23.358447533,no,-,-,-,-,0.100000,10.000000,0.824910,2,1,700,2900,1.250000,0.000000,4500,no
96,SELL,1.082301,21:07:23.358447533,no,-,-,-,-,0.100000,10.000000,0.824910,2,1,704,2896,1.250000,0.000000,4500,no
97,SELL,0.512616,21:07:23.358447533,no,-,-,-,-,0.100000,10.000000,0.824910,2,1,706,2894,1.250000,0.000000,4500,no
98,SELL,0.216382,21:07:23.358447533,no,-,-,-,-,0.100000,10.000000,0.824910,2,1,710,2890,1.250000,0.000000,4500,no
99,SELL,0.836293,21:07:23.358447533,no,-,-,-,-,0.100000,10.000000,0.824910,2,1,713,2887,1.250000,0.000000,4500,no
100,SELL,0.514647,21:07:23.358447533,no,-,-,-,-,0.100000,10.000000,0.824910,2,1,715,2885,1.250000,0.000000,4500,no
101,SELL,0.549104,21:07:23.358447533,no,-,-,-,-,0.100000,10.000000,0.824910,2,1,718,2882,1.250000,0.000000,4500,no
102,SELL,0.886603,21:07:23.358447533,no,-,-,-,-,0.100000,10.000000,0.824910,2,1,721,2879,1.250000,0.000000,4500,no
103,SELL,0.970886,21:07:23.358447533,no,-,-,-,-,0.100000,10.000000,0.824910,2,1,725,2875,1.250000,0.000000,4500,no
104,SELL,0.416831,21:07:23.358447533,no,-,-,-,-,0.100000,10.000000,0.824910,2,1,728,2872,1.250000,0.000000,4500,no
105,SELL,0.528341,21:07:23.358447533,no,-,-,-,-,0.100000,10.000000,0.824910,2,1,732,2868,1.250000,0.000000,4500,no
106,SELL,0.535706,21:07:23.358447533,no,-,-,-,-,0.100000,10.000000,0.824910,2,1,737,2863,1.250000,0.000000,4500,no
107,SELL,-0.561787,21:07:23.358447533,yes,34.260000,bid1,1000,00:00:00.000035457,0.100000,10.000000,0.824910,2,1,741,2859,1.250000,1.349500,3500,no
108,SELL,-0.436480,21:07:23.358447533,yes,34.250000,bid1,1000,00:00:00.000035946,0.100000,10.000000,0.824910,2,1,748,2852,1.250000,2.673700,2500,no
109,SELL,-0.083790,21:07:23.358447533,no,-,-,-,-,0.110000,9.090909,0.824910,2,1,754,2846,1.250000,2.652500,2500,no
110,SELL,-0.216582,21:07:23.358447533,yes,34.260000,bid1,800,00:00:00.000038119,0.121000,8.264463,0.824910,2,1,758,2842,1.250000,3.693900,1700,no
111,SELL,-0.122556,21:07:23.358447533,yes,34.260000,bid1,700,00:00:00.000038903,0.133100,7.513148,0.824910,2,1,762,2838,1.250000,4.593100,1000,no
112,SELL,-0.186406,21:07:23.358447533,yes,34.269900,bid1,600,00:00:00.000040694,0.146410,6.830135,0.824910,2,1,766,2834,1.250000,4.569100,1000,no
113,SELL,-0.309405,21:07:23.358447533,yes,34.260000,bid1,400,00:00:00.000037416,0.161051,6.209213,0.824910,2,1,770,2830,1.250000,5.844100,0,no
