轮数,方向,预测值,算法开始时间,是否下单,下单价格,档位,下单量,下单耗时(从预测到下单),r1,r2,std,freq,qty_scalar,经过时间,剩余时间,目标速度,实际速度,剩余量,是否为最后一轮
1,SELL,-0.684358,21:07:23.357840920,no,-,-,-,-,0.909091,1.100000,0.809065,2,1,332,3268,1.250000,0.000000,4500,no
2,SELL,-1.388323,21:07:23.357840920,yes,56.970000,bid1,100,00:00:00.000037206,0.826446,1.210000,0.809065,2,1,335,3265,1.250000,0.298500,4400,no
3,SELL,-0.945704,21:07:23.357840920,yes,56.970000,bid1,100,00:00:00.000036733,0.751315,1.331000,0.809065,2,1,338,3262,1.250000,0.591700,4300,no
4,SELL,-0.116358,21:07:23.357840920,no,-,-,-,-,0.683013,1.464100,0.809065,2,1,342,3258,1.250000,0.584700,4300,no
5,SELL,-0.164290,21:07:23.357840920,no,-,-,-,-,0.620921,1.610510,0.809065,2,1,346,3254,1.250000,0.578000,4300,no
6,SELL,0.022219,21:07:23.357840920,no,-,-,-,-,0.564474,1.771561,0.809065,2,1,350,3250,1.250000,0.571400,4300,no
7,SELL,0.272648,21:07:23.357840920,no,-,-,-,-,0.513158,1.948717,0.809065,2,1,354,3246,1.250000,0.564900,4300,no
8,SELL,0.354716,21:07:23.357840920,no,-,-,-,-,0.466507,2.143589,0.809065,2,1,359,3241,1.250000,0.557100,4300,no
9,SELL,0.187277,21:07:23.357840920,no,-,-,-,-,0.424098,2.357948,0.809065,2,1,362,3238,1.250000,0.552400,4300,no
10,SELL,-0.274581,21:07:23.357840920,no,-,-,-,-,0.385543,2.593742,0.809065,2,1,366,3234,1.250000,0.546400,4300,no
11,SELL,0.435295,21:07:23.357840920,no,-,-,-,-,0.350494,2.853117,0.809065,2,1,369,3231,1.250000,0.542000,4300,no
12,SELL,0.333175,21:07:23.357840920,no,-,-,-,-,0.318631,3.138428,0.809065,2,1,372,3228,1.250000,0.537600,4300,no
13,SELL,0.684502,21:07:23.357840920,no,-,-,-,-,0.289664,3.452271,0.809065,2,1,376,3224,1.250000,0.531900,4300,no
14,SELL,0.412589,21:07:23.357840920,no,-,-,-,-,0.263331,3.797498,0.809065,2,1,380,3220,1.250000,0.526300,4300,no
15,SELL,0.629763,21:07:23.357840920,no,-,-,-,-,0.239392,4.177248,0.809065,2,1,382,3218,1.250000,0.523500,4300,no
16,SELL,0.565871,21:07:23.357840920,no,-,-,-,-,0.217629,4.594973,0.809065,2,1,386,3214,1.250000,0.518100,4300,no
17,SELL,0.394506,21:07:23.357840920,no,-,-,-,-,0.197845,5.054470,0.809065,2,1,392,3208,1.250000,0.510200,4300,no
18,SELL,0.075139,21:07:23.357840920,no,-,-,-,-,0.179859,5.559917,0.809065,2,1,396,3204,1.250000,0.505000,4300,no
19,SELL,0.124651,21:07:23.357840920,no,-,-,-,-,0.163508,6.115909,0.809065,2,1,398,3202,1.250000,0.502500,4300,no
20,SELL,0.165420,21:07:23.357840920,no,-,-,-,-,0.148644,6.727500,0.809065,2,1,402,3198,1.250000,0.497500,4300,no
21,SELL,-0.214883,21:07:23.357840920,yes,57.130000,bid1,700,00:00:00.000035619,0.135131,7.400250,0.809065,2,1,406,3194,1.250000,2.216700,3600,no
22,SELL,-0.318310,21:07:23.357840920,yes,57.150000,bid1,700,00:00:00.000036260,0.135131,7.400250,0.809065,2,1,409,3191,1.250000,3.911900,2900,no
23,SELL,0.447621,21:07:23.357840920,no,-,-,-,-,0.148644,6.727500,0.809065,2,1,411,3189,1.250000,3.892900,2900,no
24,SELL,0.301756,21:07:23.357840920,no,-,-,-,-,0.163508,6.115909,0.809065,2,1,415,3185,1.250000,3.855400,2900,no
25,SELL,0.535300,21:07:23.357840920,no,-,-,-,-,0.179859,5.559917,0.809065,2,1,421,3179,1.250000,3.800400,2900,no
26,SELL,0.353927,21:07:23.357840920,no,-,-,-,-,0.197845,5.054470,0.809065,2,1,425,3175,1.250000,3.764700,2900,no
27,SELL,0.410284,21:07:23.357840920,no,-,-,-,-,0.217629,4.594973,0.809065,2,1,430,3170,1.250000,3.720900,2900,no
28,SELL,-0.103641,21:07:23.357840920,no,-,-,-,-,0.239392,4.177248,0.809065,2,1,436,3164,1.250000,3.669700,2900,no
29,SELL,-0.682606,21:07:23.357840920,yes,57.200000,bid1,300,00:00:00.000035880,0.263331,3.797498,0.809065,2,1,440,3160,1.250000,4.318100,2600,no
30,SELL,-0.109548,21:07:23.357840920,no,-,-,-,-,0.289664,3.452271,0.809065,2,1,444,3156,1.250000,4.279200,2600,no
31,SELL,-0.434009,21:07:23.357840920,yes,57.200000,bid1,300,00:00:00.000036380,0.318631,3.138428,0.809065,2,1,447,3153,1.250000,4.921700,2300,no
32,SELL,-0.229133,21:07:23.357840920,no,-,-,-,-,0.350494,2.853117,0.809065,2,1,451,3149,1.250000,4.878000,2300,no
33,SELL,-0.675901,21:07:23.357840920,yes,57.200000,bid1,200,00:00:00.000037023,0.385543,2.593742,0.809065,2,1,456,3144,1.250000,5.263100,2100,no
34,SELL,-0.420115,21:07:23.357840920,yes,57.180000,bid1,200,00:00:00.000036616,0.424098,2.357948,0.809065,2,1,459,3141,1.250000,5.664400,1900,no
35,SELL,-0.351580,21:07:23.357840920,no,-,-,-,-,0.466507,2.143589,0.809065,2,1,464,3136,1.250000,5.603400,1900,no
36,SELL,-0.022006,21:07:23.357840920,no,-,-,-,-,0.513158,1.948717,0.809065,2,1,466,3134,1.250000,5.579300,1900,no
37,SELL,0.191799,21:07:23.357840920,no,-,-,-,-,0.564474,1.771561,0.809065,2,1,470,3130,1.250000,5.531900,1900,no
38,SELL,0.515103,21:07:23.357840920,no,-,-,-,-,0.620921,1.610510,0.809065,2,1,474,3126,1.250000,5.485200,1900,no
39,SELL,-0.108928,21:07:23.357840920,no,-,-,-,-,0.683013,1.464100,0.809065,2,1,478,3122,1.250000,5.439300,1900,no
40,SELL,-0.271072,21:07:23.357840920,no,-,-,-,-,0.751315,1.331000,0.809065,2,1,481,3119,1.250000,5.405400,1900,no
41,SELL,-0.081507,21:07:23.357840920,no,-,-,-,-,0.826446,1.210000,0.809065,2,1,486,3114,1.250000,5.349700,1900,no
42,SELL,-0.198696,21:07:23.357840920,no,-,-,-,-,0.909091,1.100000,0.809065,2,1,489,3111,1.250000,5.316900,1900,no
43,SELL,-0.112890,21:07:23.357840920,no,-,-,-,-,1.000000,1.000000,0.809065,2,1,494,3106,1.250000,5.263100,1900,no
44,SELL,1.209859,21:07:23.357840920,no,-,-,-,-,1.100000,0.909091,0.809065,2,1,500,3100,1.250000,5.200000,1900,no
45,SELL,0.800119,21:07:23.357840920,no,-,-,-,-,1.210000,0.826446,0.809065,2,1,503,3097,1.250000,5.168900,1900,no
46,SELL,0.437196,21:07:23.357840920,no,-,-,-,-,1.331000,0.751315,0.809065,2,1,508,3092,1.250000,5.118100,1900,no
47,SELL,-0.113653,21:07:23.357840920,no,-,-,-,-,1.464100,0.683013,0.809065,2,1,511,3089,1.250000,5.088000,1900,no
48,SELL,0.532372,21:07:23.357840920,no,-,-,-,-,1.610510,0.620921,0.809065,2,1,516,3084,1.250000,5.038700,1900,no
49,SELL,-0.085585,21:07:23.357840920,no,-,-,-,-,1.771561,0.564474,0.809065,2,1,521,3079,1.250000,4.990400,1900,no
50,SELL,0.382337,21:07:23.357840920,no,-,-,-,-,1.948717,0.513158,0.809065,2,1,526,3074,1.250000,4.942900,1900,no
51,SELL,-0.483723,21:07:23.357840920,no,-,-,-,-,2.143589,0.466507,0.809065,2,1,529,3071,1.250000,4.914900,1900,no
52,SELL,-0.799379,21:07:23.357840920,no,-,-,-,-,2.357948,0.424098,0.809065,2,1,533,3067,1.250000,4.878000,1900,no
53,SELL,0.005902,21:07:23.357840920,no,-,-,-,-,2.593742,0.385543,0.809065,2,1,538,3062,1.250000,4.832700,1900,no
54,SELL,-0.730464,21:07:23.357840920,no,-,-,-,-,2.853117,0.350494,0.809065,2,1,544,3056,1.250000,4.779400,1900,no
55,SELL,-0.515722,21:07:23.357840920,no,-,-,-,-,3.138428,0.318631,0.809065,2,1,551,3049,1.250000,4.718600,1900,no
56,SELL,-1.089631,21:07:23.357840920,no,-,-,-,-,3.452271,0.289664,0.809065,2,1,556,3044,1.250000,4.676200,1900,no
57,SELL,-0.719749,21:07:23.357840920,no,-,-,-,-,3.797498,0.263331,0.809065,2,1,561,3039,1.250000,4.634500,1900,no
58,SELL,-0.635082,21:07:23.357840920,no,-,-,-,-,4.177248,0.239392,0.809065,2,1,566,3034,1.250000,4.593600,1900,no
59,SELL,-1.372825,21:07:23.357840920,no,-,-,-,-,4.594973,0.217629,0.809065,2,1,570,3030,1.250000,4.561400,1900,no
60,SELL,-0.995881,21:07:23.357840920,no,-,-,-,-,5.054470,0.197845,0.809065,2,1,574,3026,1.250000,4.529600,1900,no
61,SELL,-0.974478,21:07:23.357840920,no,-,-,-,-,5.559917,0.179859,0.809065,2,1,578,3022,1.250000,4.498200,1900,no
62,SELL,-0.391845,21:07:23.357840920,no,-,-,-,-,6.115909,0.163508,0.809065,2,1,582,3018,1.250000,4.467300,1900,no
63,SELL,-0.537503,21:07:23.357840920,no,-,-,-,-,6.727500,0.148644,0.809065,2,1,586,3014,1.250000,4.436800,1900,no
64,SELL,-0.336035,21:07:23.357840920,no,-,-,-,-,7.400250,0.135131,0.809065,2,1,590,3010,1.250000,4.406700,1900,no
65,SELL,0.212963,21:07:23.357840920,no,-,-,-,-,8.140275,0.122846,0.809065,2,1,594,3006,1.250000,4.377100,1900,no
66,SELL,0.314291,21:07:23.357840920,no,-,-,-,-,8.954302,0.111678,0.809065,2,1,599,3001,1.250000,4.340500,1900,no
67,SELL,0.037469,21:07:23.357840920,no,-,-,-,-,9.849733,0.101526,0.809065,2,1,604,2996,1.250000,4.304600,1900,no
68,SELL,0.123982,21:07:23.357840920,no,-,-,-,-,10.000000,0.100000,0.809065,2,1,606,2994,1.250000,4.290400,1900,no
69,SELL,-0.256924,21:07:23.357840920,no,-,-,-,-,10.000000,0.100000,0.809065,2,1,610,2990,1.250000,4.262200,1900,no
70,SELL,-0.688453,21:07:23.357840920,no,-,-,-,-,10.000000,0.100000,0.809065,2,1,613,2987,1.250000,4.241400,1900,no
71,SELL,-0.526277,21:07:23.357840920,no,-,-,-,-,10.000000,0.100000,0.809065,2,1,617,2983,1.250000,4.213900,1900,no
72,SELL,-0.056960,21:07:23.357840920,no,-,-,-,-,10.000000,0.100000,0.809065,2,1,620,2980,1.250000,4.193500,1900,no
73,SELL,-0.493516,21:07:23.357840920,no,-,-,-,-,10.000000,0.100000,0.809065,2,1,624,2976,1.250000,4.166600,1900,no
74,SELL,-0.032986,21:07:23.357840920,no,-,-,-,-,10.000000,0.100000,0.809065,2,1,628,2972,1.250000,4.140100,1900,no
75,SELL,-0.416771,21:07:23.357840920,no,-,-,-,-,10.000000,0.100000,0.809065,2,1,632,2968,1.250000,4.113900,1900,no
76,SELL,-0.511069,21:07:23.357840920,no,-,-,-,-,10.000000,0.100000,0.809065,2,1,637,2963,1.250000,4.081600,1900,no
77,SELL,-0.274346,21:07:23.357840920,no,-,-,-,-,10.000000,0.100000,0.809065,2,1,640,2960,1.250000,4.062500,1900,no
78,SELL,-0.076825,21:07:23.357840920,no,-,-,-,-,10.000000,0.100000,0.809065,2,1,642,2958,1.250000,4.049800,1900,no
79,SELL,-0.454792,21:07:23.357840920,no,-,-,-,-,10.000000,0.100000,0.809065,2,1,644,2956,1.250000,4.037200,1900,no
80,SELL,-0.012620,21:07:23.357840920,no,-,-,-,-,10.000000,0.100000,0.809065,2,1,647,2953,1.250000,4.018500,1900,no
81,SELL,-0.561997,21:07:23.357840920,no,-,-,-,-,10.000000,0.100000,0.809065,2,1,650,2950,1.250000,4.000000,1900,no
82,SELL,-1.276296,21:07:23.357840920,no,-,-,-,-,10.000000,0.100000,0.809065,2,1,654,2946,1.250000,3.975500,1900,no
83,SELL,-0.788478,21:07:23.357840920,no,-,-,-,-,10.000000,0.100000,0.809065,2,1,658,2942,1.250000,3.951300,1900,no
84,SELL,-0.462496,21:07:23.357840920,no,-,-,-,-,10.000000,0.100000,0.809065,2,1,661,2939,1.250000,3.933400,1900,no
85,SELL,-0.675197,21:07:23.357840920,no,-,-,-,-,10.000000,0.100000,0.809065,2,1,666,2934,1.250000,3.903900,1900,no
86,SELL,-0.186687,21:07:23.357840920,no,-,-,-,-,10.000000,0.100000,0.809065,2,1,669,2931,1.250000,3.886300,1900,no
87,SELL,-0.513424,21:07:23.357840920,no,-,-,-,-,10.000000,0.100000,0.809065,2,1,672,2928,1.250000,3.869000,1900,no
88,SELL,-0.412873,21:07:23.357840920,no,-,-,-,-,10.000000,0.100000,0.809065,2,1,676,2924,1.250000,3.846100,1900,no
89,SELL,-0.763825,21:07:23.357840920,no,-,-,-,-,10.000000,0.100000,0.809065,2,1,680,2920,1.250000,3.823500,1900,no
90,SELL,-0.887706,21:07:23.357840920,no,-,-,-,-,10.000000,0.100000,0.809065,2,1,683,2917,1.250000,3.806700,1900,no
91,SELL,-1.080177,21:07:23.357840920,no,-,-,-,-,10.000000,0.100000,0.809065,2,1,686,2914,1.250000,3.790000,1900,no
92,SELL,-0.840534,21:07:23.357840920,no,-,-,-,-,10.000000,0.100000,0.809065,2,1,690,2910,1.250000,3.768100,1900,no
93,SELL,-1.115070,21:07:23.357840920,no,-,-,-,-,10.000000,0.100000,0.809065,2,1,693,2907,1.250000,3.751800,1900,no
94,SELL,-1.182423,21:07:23.357840920,no,-,-,-,-,10.000000,0.100000,0.809065,2,1,697,2903,1.250000,3.730200,1900,no
95,SELL,-1.046550,21:07:23.357840920,no,-,-,-,-,10.000000,0.100000,0.809065,2,1,701,2899,1.250000,3.708900,1900,no
96,SELL,-0.760163,21:07:23.357840920,no,-,-,-,-,10.000000,0.100000,0.809065,2,1,704,2896,1.250000,3.693100,1900,no
97,SELL,-0.437048,21:07:23.357840920,no,-,-,-,-,10.000000,0.100000,0.809065,2,1,706,2894,1.250000,3.682700,1900,no
98,SELL,0.095259,21:07:23.357840920,no,-,-,-,-,10.000000,0.100000,0.809065,2,1,710,2890,1.250000,3.661900,1900,no
99,SELL,-0.480256,21:07:23.357840920,no,-,-,-,-,10.000000,0.100000,0.809065,2,1,713,2887,1.250000,3.646500,1900,no
100,SELL,-0.198585,21:07:23.357840920,no,-,-,-,-,10.000000,0.100000,0.809065,2,1,715,2885,1.250000,3.636300,1900,no
101,SELL,-0.056333,21:07:23.357840920,no,-,-,-,-,10.000000,0.100000,0.809065,2,1,718,2882,1.250000,3.621100,1900,no
102,SELL,-0.507854,21:07:23.357840920,no,-,-,-,-,10.000000,0.100000,0.809065,2,1,721,2879,1.250000,3.606100,1900,no
103,SELL,-0.101378,21:07:23.357840920,no,-,-,-,-,10.000000,0.100000,0.809065,2,1,725,2875,1.250000,3.586200,1900,no
104,SELL,-0.651134,21:07:23.357840920,no,-,-,-,-,10.000000,0.100000,0.809065,2,1,729,2871,1.250000,3.566500,1900,no
105,SELL,-1.016831,21:07:23.357840920,no,-,-,-,-,10.000000,0.100000,0.809065,2,1,732,2868,1.250000,3.551900,1900,no
106,SELL,-0.709542,21:07:23.357840920,no,-,-,-,-,10.000000,0.100000,0.809065,2,1,738,2862,1.250000,3.523000,1900,no
107,SELL,-0.905407,21:07:23.357840920,no,-,-,-,-,10.000000,0.100000,0.809065,2,1,742,2858,1.250000,3.504000,1900,no
108,SELL,0.119867,21:07:23.357840920,no,-,-,-,-,10.000000,0.100000,0.809065,2,1,748,2852,1.250000,3.475900,1900,no
109,SELL,-0.531397,21:07:23.357840920,no,-,-,-,-,10.000000,0.100000,0.809065,2,1,754,2846,1.250000,3.448200,1900,no
110,SELL,-0.265579,21:07:23.357840920,no,-,-,-,-,10.000000,0.100000,0.809065,2,1,758,2842,1.250000,3.430000,1900,no
111,SELL,-0.207770,21:07:23.357840920,no,-,-,-,-,10.000000,0.100000,0.809065,2,1,763,2837,1.250000,3.407600,1900,no
112,SELL,-0.451162,21:07:23.357840920,no,-,-,-,-,10.000000,0.100000,0.809065,2,1,766,2834,1.250000,3.394200,1900,no
113,SELL,-0.144528,21:07:23.357840920,no,-,-,-,-,10.000000,0.100000,0.809065,2,1,770,2830,1.250000,3.376600,1900,no
114,SELL,-0.584134,21:07:23.357840920,no,-,-,-,-,10.000000,0.100000,0.809065,2,1,773,2827,1.250000,3.363500,1900,no
115,SELL,-1.079971,21:07:23.357840920,no,-,-,-,-,10.000000,0.100000,0.809065,2,1,776,2824,1.250000,3.350500,1900,no
116,SELL,-0.983234,21:07:23.357840920,no,-,-,-,-,10.000000,0.100000,0.809065,2,1,781,2819,1.250000,3.329000,1900,no
117,SELL,-1.128403,21:07:23.357840920,no,-,-,-,-,10.000000,0.100000,0.809065,2,1,784,2816,1.250000,3.316300,1900,no
118,SELL,-0.728034,21:07:23.357840920,no,-,-,-,-,10.000000,0.100000,0.809065,2,1,786,2814,1.250000,3.307800,1900,no
119,SELL,-0.211029,21:07:23.357840920,no,-,-,-,-,10.000000,0.100000,0.809065,2,1,789,2811,1.250000,3.295300,1900,no
120,SELL,0.019312,21:07:23.357840920,no,-,-,-,-,10.000000,0.100000,0.809065,2,1,792,2808,1.250000,3.282800,1900,no
121,SELL,0.145184,21:07:23.357840920,no,-,-,-,-,10.000000,0.100000,0.809065,2,1,795,2805,1.250000,3.270400,1900,no
122,SELL,-1.158930,21:07:23.357840920,no,-,-,-,-,10.000000,0.100000,0.809065,2,1,798,2802,1.250000,3.258100,1900,no
123,SELL,-0.995306,21:07:23.357840920,no,-,-,-,-,10.000000,0.100000,0.809065,2,1,801,2799,1.250000,3.245900,1900,no
124,SELL,-0.303957,21:07:23.357840920,no,-,-,-,-,10.000000,0.100000,0.809065,2,1,806,2794,1.250000,3.225800,1900,no
125,SELL,-0.880569,21:07:23.357840920,no,-,-,-,-,10.000000,0.100000,0.809065,2,1,809,2791,1.250000,3.213800,1900,no
126,SELL,-0.731012,21:07:23.357840920,no,-,-,-,-,10.000000,0.100000,0.809065,2,1,813,2787,1.250000,3.198000,1900,no
127,SELL,-0.213890,21:07:23.357840920,no,-,-,-,-,10.000000,0.100000,0.809065,2,1,817,2783,1.250000,3.182300,1900,no
128,SELL,-0.572429,21:07:23.357840920,no,-,-,-,-,10.000000,0.100000,0.809065,2,1,821,2779,1.250000,3.166800,1900,no
129,SELL,-0.375648,21:07:23.357840920,no,-,-,-,-,10.000000,0.100000,0.809065,2,1,824,2776,1.250000,3.155300,1900,no
130,SELL,-1.243722,21:07:23.357840920,no,-,-,-,-,10.000000,0.100000,0.809065,2,1,827,2773,1.250000,3.143800,1900,no
131,SELL,-0.756305,21:07:23.357840920,no,-,-,-,-,10.000000,0.100000,0.809065,2,1,831,2769,1.250000,3.128700,1900,no
132,SELL,-0.829477,21:07:23.357840920,no,-,-,-,-,10.000000,0.100000,0.809065,2,1,835,2765,1.250000,3.113700,1900,no
133,SELL,-0.955950,21:07:23.357840920,no,-,-,-,-,10.000000,0.100000,0.809065,2,1,837,2763,1.250000,3.106300,1900,no
134,SELL,-0.678821,21:07:23.357840920,no,-,-,-,-,10.000000,0.100000,0.809065,2,1,840,2760,1.250000,3.095200,1900,no
135,SELL,-0.898658,21:07:23.357840920,no,-,-,-,-,10.000000,0.100000,0.809065,2,1,843,2757,1.250000,3.084200,1900,no
136,SELL,-1.355216,21:07:23.357840920,no,-,-,-,-,10.000000,0.100000,0.809065,2,1,847,2753,1.250000,3.069600,1900,no
137,SELL,-0.970848,21:07:23.357840920,no,-,-,-,-,10.000000,0.100000,0.809065,2,1,850,2750,1.250000,3.058800,1900,no
138,SELL,0.206481,21:07:23.357840920,no,-,-,-,-,10.000000,0.100000,0.809065,2,1,853,2747,1.250000,3.048000,1900,no
139,SELL,-0.179677,21:07:23.357840920,no,-,-,-,-,10.000000,0.100000,0.809065,2,1,858,2742,1.250000,3.030300,1900,no
140,SELL,-0.386649,21:07:23.357840920,no,-,-,-,-,10.000000,0.100000,0.809065,2,1,860,2740,1.250000,3.023200,1900,no
141,SELL,-0.000147,21:07:23.357840920,no,-,-,-,-,10.000000,0.100000,0.809065,2,1,863,2737,1.250000,3.012700,1900,no
142,SELL,0.570924,21:07:23.357840920,no,-,-,-,-,10.000000,0.100000,0.809065,2,1,866,2734,1.250000,3.002300,1900,no
143,SELL,0.676195,21:07:23.357840920,no,-,-,-,-,10.000000,0.100000,0.809065,2,1,870,2730,1.250000,2.988500,1900,no
144,SELL,0.786854,21:07:23.357840920,no,-,-,-,-,10.000000,0.100000,0.809065,2,1,874,2726,1.250000,2.974800,1900,no
145,SELL,0.879477,21:07:23.357840920,no,-,-,-,-,10.000000,0.100000,0.809065,2,1,877,2723,1.250000,2.964600,1900,no
146,SELL,0.847711,21:07:23.357840920,no,-,-,-,-,10.000000,0.100000,0.809065,2,1,880,2720,1.250000,2.954500,1900,no
147,SELL,0.608116,21:07:23.357840920,no,-,-,-,-,10.000000,0.100000,0.809065,2,1,884,2716,1.250000,2.941100,1900,no
148,SELL,-0.489430,21:07:23.357840920,no,-,-,-,-,10.000000,0.100000,0.809065,2,1,887,2713,1.250000,2.931200,1900,no
149,SELL,0.205882,21:07:23.357840920,no,-,-,-,-,10.000000,0.100000,0.809065,2,1,892,2708,1.250000,2.914700,1900,no
150,SELL,-0.363194,21:07:23.357840920,no,-,-,-,-,10.000000,0.100000,0.809065,2,1,894,2706,1.250000,2.908200,1900,no
151,SELL,0.326358,21:07:23.357840920,no,-,-,-,-,10.000000,0.100000,0.809065,2,1,897,2703,1.250000,2.898500,1900,no
152,SELL,-0.959483,21:07:23.357840920,no,-,-,-,-,10.000000,0.100000,0.809065,2,1,902,2698,1.250000,2.882400,1900,no
153,SELL,0.034313,21:07:23.357840920,no,-,-,-,-,10.000000,0.100000,0.809065,2,1,904,2696,1.250000,2.876100,1900,no
154,SELL,0.978800,21:07:23.357840920,no,-,-,-,-,10.000000,0.100000,0.809065,2,1,907,2693,1.250000,2.866500,1900,no
155,SELL,0.655646,21:07:23.357840920,no,-,-,-,-,10.000000,0.100000,0.809065,2,1,909,2691,1.250000,2.860200,1900,no
156,SELL,0.472466,21:07:23.357840920,no,-,-,-,-,10.000000,0.100000,0.809065,2,1,1189,2411,1.250000,2.186700,1900,no
157,SELL,0.775836,21:07:23.357840920,no,-,-,-,-,10.000000,0.100000,0.809065,2,1,1193,2407,1.250000,2.179300,1900,no
158,SELL,1.219053,21:07:23.357840920,no,-,-,-,-,10.000000,0.100000,0.809065,2,1,1197,2403,1.250000,2.172000,1900,no
159,SELL,0.485381,21:07:23.357840920,no,-,-,-,-,10.000000,0.100000,0.809065,2,1,1201,2399,1.250000,2.164800,1900,no
160,SELL,0.072865,21:07:23.357840920,no,-,-,-,-,10.000000,0.100000,0.809065,2,1,1205,2395,1.250000,2.157600,1900,no
161,SELL,0.250613,21:07:23.357840920,no,-,-,-,-,10.000000,0.100000,0.809065,2,1,1212,2388,1.250000,2.145200,1900,no
162,SELL,-0.566454,21:07:23.357840920,no,-,-,-,-,10.000000,0.100000,0.809065,2,1,1218,2382,1.250000,2.134600,1900,no
163,SELL,-0.206342,21:07:23.357840920,no,-,-,-,-,10.000000,0.100000,0.809065,2,1,1224,2376,1.250000,2.124100,1900,no
164,SELL,-1.126143,21:07:23.357840920,no,-,-,-,-,10.000000,0.100000,0.809065,2,1,1229,2371,1.250000,2.115500,1900,no
165,SELL,0.055163,21:07:23.357840920,no,-,-,-,-,10.000000,0.100000,0.809065,2,1,1233,2367,1.250000,2.108600,1900,no
166,SELL,-0.859137,21:07:23.357840920,no,-,-,-,-,10.000000,0.100000,0.809065,2,1,1237,2363,1.250000,2.101800,1900,no
167,SELL,-0.484117,21:07:23.357840920,no,-,-,-,-,10.000000,0.100000,0.809065,2,1,1241,2359,1.250000,2.095000,1900,no
168,SELL,0.059141,21:07:23.357840920,no,-,-,-,-,10.000000,0.100000,0.809065,2,1,1246,2354,1.250000,2.086600,1900,no
169,SELL,-0.367265,21:07:23.357840920,no,-,-,-,-,10.000000,0.100000,0.809065,2,1,1250,2350,1.250000,2.080000,1900,no
170,SELL,0.324868,21:07:23.357840920,no,-,-,-,-,10.000000,0.100000,0.809065,2,1,1254,2346,1.250000,2.073300,1900,no
171,SELL,0.545524,21:07:23.357840920,no,-,-,-,-,10.000000,0.100000,0.809065,2,1,1258,2342,1.250000,2.066700,1900,no
172,SELL,0.225715,21:07:23.357840920,no,-,-,-,-,10.000000,0.100000,0.809065,2,1,1263,2337,1.250000,2.058500,1900,no
173,SELL,0.011028,21:07:23.357840920,no,-,-,-,-,10.000000,0.100000,0.809065,2,1,1267,2333,1.250000,2.052000,1900,no
174,SELL,-0.529072,21:07:23.357840920,no,-,-,-,-,10.000000,0.100000,0.809065,2,1,1271,2329,1.250000,2.045600,1900,no
175,SELL,0.846460,21:07:23.357840920,no,-,-,-,-,10.000000,0.100000,0.809065,2,1,1275,2325,1.250000,2.039200,1900,no
176,SELL,0.712436,21:07:23.357840920,no,-,-,-,-,10.000000,0.100000,0.809065,2,1,1278,2322,1.250000,2.034400,1900,no
177,SELL,0.215575,21:07:23.357840920,no,-,-,-,-,10.000000,0.100000,0.809065,2,1,1281,2319,1.250000,2.029600,1900,no
178,SELL,0.734596,21:07:23.357840920,no,-,-,-,-,10.000000,0.100000,0.809065,2,1,1286,2314,1.250000,2.021700,1900,no
179,SELL,0.163181,21:07:23.357840920,no,-,-,-,-,10.000000,0.100000,0.809065,2,1,1290,2310,1.250000,2.015500,1900,no
180,SELL,0.721387,21:07:23.357840920,no,-,-,-,-,10.000000,0.100000,0.809065,2,1,1296,2304,1.250000,2.006100,1900,no
181,SELL,0.061250,21:07:23.357840920,no,-,-,-,-,10.000000,0.100000,0.809065,2,1,1299,2301,1.250000,2.001500,1900,no
182,SELL,0.927918,21:07:23.357840920,no,-,-,-,-,10.000000,0.100000,0.809065,2,1,1303,2297,1.250000,1.995300,1900,no
183,SELL,0.325915,21:07:23.357840920,no,-,-,-,-,10.000000,0.100000,0.809065,2,1,1308,2292,1.250000,1.987700,1900,no
184,SELL,1.854335,21:07:23.357840920,no,-,-,-,-,10.000000,0.100000,0.809065,2,1,1312,2288,1.250000,1.981700,1900,no
185,SELL,1.865789,21:07:23.357840920,no,-,-,-,-,10.000000,0.100000,0.809065,2,1,1315,2285,1.250000,1.977100,1900,no
186,SELL,0.908325,21:07:23.357840920,no,-,-,-,-,10.000000,0.100000,0.809065,2,1,1319,2281,1.250000,1.971100,1900,no
187,SELL,0.633194,21:07:23.357840920,no,-,-,-,-,10.000000,0.100000,0.809065,2,1,1324,2276,1.250000,1.963700,1900,no
188,SELL,-1.126619,21:07:23.357840920,no,-,-,-,-,10.000000,0.100000,0.809065,2,1,1329,2271,1.250000,1.956300,1900,no
189,SELL,-0.762113,21:07:23.357840920,no,-,-,-,-,10.000000,0.100000,0.809065,2,1,1334,2266,1.250000,1.949000,1900,no
190,SELL,-0.747658,21:07:23.357840920,no,-,-,-,-,10.000000,0.100000,0.809065,2,1,1337,2263,1.250000,1.944600,1900,no
191,SELL,-0.798249,21:07:23.357840920,no,-,-,-,-,10.000000,0.100000,0.809065,2,1,1341,2259,1.250000,1.938800,1900,no
192,SELL,-0.733895,21:07:23.357840920,no,-,-,-,-,10.000000,0.100000,0.809065,2,1,1344,2256,1.250000,1.934500,1900,no
193,SELL,-1.182587,21:07:23.357840920,no,-,-,-,-,10.000000,0.100000,0.809065,2,1,1350,2250,1.250000,1.925900,1900,no
194,SELL,-1.225091,21:07:23.357840920,no,-,-,-,-,10.000000,0.100000,0.809065,2,1,1354,2246,1.250000,1.920200,1900,no
195,SELL,-0.549082,21:07:23.357840920,no,-,-,-,-,10.000000,0.100000,0.809065,2,1,1357,2243,1.250000,1.915900,1900,no
196,SELL,0.253570,21:07:23.357840920,no,-,-,-,-,10.000000,0.100000,0.809065,2,1,1364,2236,1.250000,1.906100,1900,no
197,SELL,-0.656846,21:07:23.357840920,no,-,-,-,-,10.000000,0.100000,0.809065,2,1,1368,2232,1.250000,1.900500,1900,no
198,SELL,-0.190062,21:07:23.357840920,no,-,-,-,-,10.000000,0.100000,0.809065,2,1,1374,2226,1.250000,1.892200,1900,no
199,SELL,-0.143798,21:07:23.357840920,no,-,-,-,-,10.000000,0.100000,0.809065,2,1,1430,2170,1.250000,1.818100,1900,no
200,SELL,-1.077765,21:07:23.357840920,no,-,-,-,-,10.000000,0.100000,0.809065,2,1,1553,2047,1.250000,1.674100,1900,no
201,SELL,-1.185894,21:07:23.357840920,no,-,-,-,-,10.000000,0.100000,0.809065,2,1,1558,2042,1.250000,1.668800,1900,no
202,SELL,0.369689,21:07:23.357840920,no,-,-,-,-,10.000000,0.100000,0.809065,2,1,1562,2038,1.250000,1.664500,1900,no
203,SELL,0.322656,21:07:23.357840920,no,-,-,-,-,10.000000,0.100000,0.809065,2,1,1564,2036,1.250000,1.662400,1900,no
204,SELL,0.128419,21:07:23.357840920,no,-,-,-,-,10.000000,0.100000,0.809065,2,1,1567,2033,1.250000,1.659200,1900,no
205,SELL,-0.773967,21:07:23.357840920,no,-,-,-,-,10.000000,0.100000,0.809065,2,1,1571,2029,1.250000,1.654900,1900,no
206,SELL,0.046151,21:07:23.357840920,no,-,-,-,-,10.000000,0.100000,0.809065,2,1,1575,2025,1.250000,1.650700,1900,no
207,SELL,-0.837896,21:07:23.357840920,no,-,-,-,-,10.000000,0.100000,0.809065,2,1,1578,2022,1.250000,1.647600,1900,no
208,SELL,-0.974816,21:07:23.357840920,no,-,-,-,-,10.000000,0.100000,0.809065,2,1,1583,2017,1.250000,1.642400,1900,no
209,SELL,-1.105438,21:07:23.357840920,no,-,-,-,-,10.000000,0.100000,0.809065,2,1,1586,2014,1.250000,1.639300,1900,no
210,SELL,-0.194235,21:07:23.357840920,no,-,-,-,-,10.000000,0.100000,0.809065,2,1,1591,2009,1.250000,1.634100,1900,no
211,SELL,-1.775796,21:07:23.357840920,no,-,-,-,-,10.000000,0.100000,0.809065,2,1,1620,1980,1.250000,1.604900,1900,no
212,SELL,-0.416115,21:07:23.357840920,no,-,-,-,-,10.000000,0.100000,0.809065,2,1,1623,1977,1.250000,1.601900,1900,no
213,SELL,-0.142257,21:07:23.357840920,no,-,-,-,-,10.000000,0.100000,0.809065,2,1,1626,1974,1.250000,1.599000,1900,no
214,SELL,-6.084755,21:07:23.357840920,yes,60.440000,ask1,1900,00:00:00.000024425,9.090909,0.110000,0.809065,2,1,4926,-1326,1.250000,0.527800,1900,yes
215,SELL,-4.764865,21:07:23.357840920,yes,60.490000,ask1,1900,00:00:00.000023669,8.264463,0.121000,0.809065,2,1,4929,-1329,1.250000,0.527400,1900,yes
216,SELL,-6.181518,21:07:23.357840920,yes,60.440000,bid1,1900,00:00:00.000024003,7.513148,0.133100,0.809065,2,1,4934,-1334,1.250000,0.526900,1900,yes
217,SELL,-8.756071,21:07:23.357840920,yes,60.490000,bid1,1900,00:00:00.000023853,6.830135,0.146410,0.809065,2,1,4937,-1337,1.250000,0.526600,1900,yes
218,SELL,-10.319235,21:07:23.357840920,yes,60.440000,bid1,1900,00:00:00.000024765,6.209213,0.161051,0.809065,2,1,4941,-1341,1.250000,0.526200,1900,yes
219,SELL,-7.355508,21:07:23.357840920,yes,60.440000,bid1,1900,00:00:00.000025376,5.644739,0.177156,0.809065,2,1,4945,-1345,1.250000,0.525700,1900,yes
220,SELL,-6.000581,21:07:23.357840920,yes,60.450000,bid1,1900,00:00:00.000025047,5.131581,0.194872,0.809065,2,1,4948,-1348,1.250000,0.525400,1900,yes
221,SELL,-7.439416,21:07:23.357840920,yes,60.490000,bid1,1900,00:00:00.000025269,4.665074,0.214359,0.809065,2,1,4953,-1353,1.250000,0.524900,1900,yes
222,SELL,-4.989491,21:07:23.357840920,yes,60.490000,bid1,1900,00:00:00.000024086,4.240976,0.235795,0.809065,2,1,4956,-1356,1.250000,0.524600,1900,yes
223,SELL,-5.864272,21:07:23.357840920,yes,60.500000,bid1,1900,00:00:00.000024237,3.855433,0.259374,0.809065,2,1,4960,-1360,1.250000,0.524100,1900,yes
224,SELL,-9.046270,21:07:23.357840920,yes,60.490000,bid1,1900,00:00:00.000025383,3.504939,0.285312,0.809065,2,1,4964,-1364,1.250000,0.523700,1900,yes
225,SELL,-9.909987,21:07:23.357840920,yes,60.500000,bid1,1900,00:00:00.000024896,3.186308,0.313843,0.809065,2,1,4967,-1367,1.250000,0.523400,1900,yes
226,SELL,-4.962355,21:07:23.357840920,yes,60.500000,bid1,1900,00:00:00.000025205,2.896644,0.345227,0.809065,2,1,4971,-1371,1.250000,0.523000,1900,yes
227,SELL,-5.575669,21:07:23.357840920,yes,60.500000,bid1,1900,00:00:00.000024609,2.633313,0.379750,0.809065,2,1,4976,-1376,1.250000,0.522500,1900,yes
228,SELL,-6.862503,21:07:23.357840920,yes,60.510000,bid1,1900,00:00:00.000025312,2.393920,0.417725,0.809065,2,1,4979,-1379,1.250000,0.522100,1900,yes
229,SELL,-8.657228,21:07:23.357840920,yes,60.500000,bid1,1900,00:00:00.000025727,2.176291,0.459497,0.809065,2,1,4984,-1384,1.250000,0.521600,1900,yes
230,SELL,-7.775950,21:07:23.357840920,yes,60.500000,bid1,1900,00:00:00.000024884,1.978447,0.505447,0.809065,2,1,4989,-1389,1.250000,0.521100,1900,yes
231,SELL,-9.375307,21:07:23.357840920,yes,60.490000,bid1,1900,00:00:00.000025703,1.798588,0.555992,0.809065,2,1,4993,-1393,1.250000,0.520700,1900,yes
232,SELL,-5.012588,21:07:23.357840920,yes,60.450000,bid1,1900,00:00:00.000024379,1.635080,0.611591,0.809065,2,1,4997,-1397,1.250000,0.520300,1900,yes
233,SELL,-5.586678,21:07:23.357840920,yes,60.490000,bid1,1900,00:00:00.000025022,1.486436,0.672750,0.809065,2,1,5003,-1403,1.250000,0.519600,1900,yes
234,SELL,-5.920124,21:07:23.357840920,yes,60.450000,bid1,1900,00:00:00.000024680,1.351306,0.740025,0.809065,2,1,5006,-1406,1.250000,0.519300,1900,yes
235,SELL,-4.789208,21:07:23.357840920,yes,60.420000,bid1,1900,00:00:00.000024740,1.228460,0.814027,0.809065,2,1,5035,-1435,1.250000,0.516300,1900,yes
236,SELL,-6.786447,21:07:23.357840920,yes,60.450000,bid1,1900,00:00:00.000025834,1.116782,0.895430,0.809065,2,1,5037,-1437,1.250000,0.516100,1900,yes
237,SELL,-6.103621,21:07:23.357840920,yes,60.450000,bid1,1900,00:00:00.000025436,1.015256,0.984973,0.809065,2,1,5040,-1440,1.250000,0.515800,1900,yes
238,SELL,-5.790832,21:07:23.357840920,yes,60.410000,bid1,1900,00:00:00.000025308,0.922960,1.083471,0.809065,2,1,5045,-1445,1.250000,0.515300,1900,yes
