轮数,方向,预测值,算法开始时间,是否下单,下单价格,档位,下单量,下单耗时(从预测到下单),r1,r2,std,freq,qty_scalar,经过时间,剩余时间,目标速度,实际速度,剩余量,是否为最后一轮
1,SELL,0.072653,21:07:23.361998472,no,-,-,-,-,0.909091,1.100000,0.610948,2,1,332,3268,1.250000,0.000000,4500,no
2,SELL,-0.012408,21:07:23.361998472,no,-,-,-,-,0.826446,1.210000,0.610948,2,1,335,3265,1.250000,0.000000,4500,no
3,SELL,-0.091322,21:07:23.361998472,no,-,-,-,-,0.751315,1.331000,0.610948,2,1,338,3262,1.250000,0.000000,4500,no
4,SELL,-0.081573,21:07:23.361998472,no,-,-,-,-,0.683013,1.464100,0.610948,2,1,342,3258,1.250000,0.000000,4500,no
5,SELL,0.016712,21:07:23.361998472,no,-,-,-,-,0.620921,1.610510,0.610948,2,1,346,3254,1.250000,0.000000,4500,no
6,SELL,-0.093165,21:07:23.361998472,no,-,-,-,-,0.564474,1.771561,0.610948,2,1,350,3250,1.250000,0.000000,4500,no
7,SELL,-0.098034,21:07:23.361998472,no,-,-,-,-,0.513158,1.948717,0.610948,2,1,354,3246,1.250000,0.000000,4500,no
8,SELL,-0.079231,21:07:23.361998472,no,-,-,-,-,0.466507,2.143589,0.610948,2,1,359,3241,1.250000,0.000000,4500,no
9,SELL,-0.105950,21:07:23.361998472,no,-,-,-,-,0.424098,2.357948,0.610948,2,1,362,3238,1.250000,0.000000,4500,no
10,SELL,-0.008613,21:07:23.361998472,no,-,-,-,-,0.385543,2.593742,0.610948,2,1,366,3234,1.250000,0.000000,4500,no
11,SELL,-0.153379,21:07:23.361998472,no,-,-,-,-,0.350494,2.853117,0.610948,2,1,369,3231,1.250000,0.000000,4500,no
12,SELL,-0.131871,21:07:23.361998472,no,-,-,-,-,0.318631,3.138428,0.610948,2,1,372,3228,1.250000,0.000000,4500,no
13,SELL,-0.270075,21:07:23.361998472,yes,9.660000,bid1,300,00:00:00.000038744,0.289664,3.452271,0.610948,2,1,376,3224,1.250000,0.797800,4200,no
14,SELL,-0.139497,21:07:23.361998472,no,-,-,-,-,0.263331,3.797498,0.610948,2,1,380,3220,1.250000,0.789400,4200,no
15,SELL,0.157836,21:07:23.361998472,no,-,-,-,-,0.239392,4.177248,0.610948,2,1,382,3218,1.250000,0.785300,4200,no
16,SELL,1.078409,21:07:23.361998472,no,-,-,-,-,0.217629,4.594973,0.610948,2,1,386,3214,1.250000,0.777200,4200,no
17,SELL,0.514036,21:07:23.361998472,no,-,-,-,-,0.197845,5.054470,0.610948,2,1,392,3208,1.250000,0.765300,4200,no
18,SELL,0.034486,21:07:23.361998472,no,-,-,-,-,0.179859,5.559917,0.610948,2,1,396,3204,1.250000,0.757500,4200,no
19,SELL,-0.125889,21:07:23.361998472,yes,9.670000,bid1,600,00:00:00.000037270,0.163508,6.115909,0.610948,2,1,398,3202,1.250000,2.261300,3600,no
20,SELL,-0.449295,21:07:23.361998472,yes,9.670000,bid1,600,00:00:00.000036821,0.163508,6.115909,0.610948,2,1,402,3198,1.250000,3.731300,3000,no
21,SELL,0.203677,21:07:23.361998472,no,-,-,-,-,0.179859,5.559917,0.610948,2,1,406,3194,1.250000,3.694500,3000,no
22,SELL,0.616790,21:07:23.361998472,no,-,-,-,-,0.197845,5.054470,0.610948,2,1,409,3191,1.250000,3.667400,3000,no
23,SELL,0.478344,21:07:23.361998472,no,-,-,-,-,0.217629,4.594973,0.610948,2,1,412,3188,1.250000,3.640700,3000,no
24,SELL,0.506892,21:07:23.361998472,no,-,-,-,-,0.239392,4.177248,0.610948,2,1,415,3185,1.250000,3.614400,3000,no
25,SELL,0.142124,21:07:23.361998472,no,-,-,-,-,0.263331,3.797498,0.610948,2,1,421,3179,1.250000,3.562900,3000,no
26,SELL,0.372944,21:07:23.361998472,no,-,-,-,-,0.289664,3.452271,0.610948,2,1,425,3175,1.250000,3.529400,3000,no
27,SELL,0.447250,21:07:23.361998472,no,-,-,-,-,0.318631,3.138428,0.610948,2,1,430,3170,1.250000,3.488300,3000,no
28,SELL,0.287623,21:07:23.361998472,no,-,-,-,-,0.350494,2.853117,0.610948,2,1,436,3164,1.250000,3.440300,3000,no
29,SELL,0.230490,21:07:23.361998472,no,-,-,-,-,0.385543,2.593742,0.610948,2,1,440,3160,1.250000,3.409000,3000,no
30,SELL,0.034375,21:07:23.361998472,no,-,-,-,-,0.424098,2.357948,0.610948,2,1,444,3156,1.250000,3.378300,3000,no
31,SELL,-0.041087,21:07:23.361998472,no,-,-,-,-,0.466507,2.143589,0.610948,2,1,447,3153,1.250000,3.355700,3000,no
32,SELL,0.156553,21:07:23.361998472,no,-,-,-,-,0.513158,1.948717,0.610948,2,1,451,3149,1.250000,3.325900,3000,no
33,SELL,-0.022400,21:07:23.361998472,no,-,-,-,-,0.564474,1.771561,0.610948,2,1,456,3144,1.250000,3.289400,3000,no
34,SELL,0.097139,21:07:23.361998472,no,-,-,-,-,0.620921,1.610510,0.610948,2,1,459,3141,1.250000,3.267900,3000,no
35,SELL,0.110850,21:07:23.361998472,no,-,-,-,-,0.683013,1.464100,0.610948,2,1,464,3136,1.250000,3.232700,3000,no
36,SELL,0.129396,21:07:23.361998472,no,-,-,-,-,0.751315,1.331000,0.610948,2,1,466,3134,1.250000,3.218800,3000,no
37,SELL,0.177964,21:07:23.361998472,no,-,-,-,-,0.826446,1.210000,0.610948,2,1,470,3130,1.250000,3.191400,3000,no
38,SELL,-0.213395,21:07:23.361998472,no,-,-,-,-,0.909091,1.100000,0.610948,2,1,474,3126,1.250000,3.164500,3000,no
39,SELL,-0.346315,21:07:23.361998472,no,-,-,-,-,1.000000,1.000000,0.610948,2,1,478,3122,1.250000,3.138000,3000,no
40,SELL,-0.197782,21:07:23.361998472,no,-,-,-,-,1.100000,0.909091,0.610948,2,1,481,3119,1.250000,3.118500,3000,no
41,SELL,-0.226810,21:07:23.361998472,no,-,-,-,-,1.210000,0.826446,0.610948,2,1,486,3114,1.250000,3.086400,3000,no
42,SELL,0.332948,21:07:23.361998472,no,-,-,-,-,1.331000,0.751315,0.610948,2,1,489,3111,1.250000,3.067400,3000,no
43,SELL,0.360992,21:07:23.361998472,no,-,-,-,-,1.464100,0.683013,0.610948,2,1,494,3106,1.250000,3.036400,3000,no
44,SELL,0.091841,21:07:23.361998472,no,-,-,-,-,1.610510,0.620921,0.610948,2,1,500,3100,1.250000,3.000000,3000,no
45,SELL,0.262637,21:07:23.361998472,no,-,-,-,-,1.771561,0.564474,0.610948,2,1,503,3097,1.250000,2.982100,3000,no
46,SELL,0.049062,21:07:23.361998472,no,-,-,-,-,1.948717,0.513158,0.610948,2,1,508,3092,1.250000,2.952700,3000,no
47,SELL,0.209571,21:07:23.361998472,no,-,-,-,-,2.143589,0.466507,0.610948,2,1,512,3088,1.250000,2.929600,3000,no
48,SELL,-0.014401,21:07:23.361998472,no,-,-,-,-,2.357948,0.424098,0.610948,2,1,516,3084,1.250000,2.906900,3000,no
49,SELL,-0.065293,21:07:23.361998472,no,-,-,-,-,2.593742,0.385543,0.610948,2,1,521,3079,1.250000,2.879000,3000,no
50,SELL,-0.053998,21:07:23.361998472,no,-,-,-,-,2.853117,0.350494,0.610948,2,1,526,3074,1.250000,2.851700,3000,no
51,SELL,0.169174,21:07:23.361998472,no,-,-,-,-,3.138428,0.318631,0.610948,2,1,529,3071,1.250000,2.835500,3000,no
52,SELL,0.170471,21:07:23.361998472,no,-,-,-,-,3.452271,0.289664,0.610948,2,1,533,3067,1.250000,2.814200,3000,no
53,SELL,0.086996,21:07:23.361998472,no,-,-,-,-,3.797498,0.263331,0.610948,2,1,538,3062,1.250000,2.788100,3000,no
54,SELL,-0.139763,21:07:23.361998472,no,-,-,-,-,4.177248,0.239392,0.610948,2,1,544,3056,1.250000,2.757300,3000,no
55,SELL,-0.457598,21:07:23.361998472,no,-,-,-,-,4.594973,0.217629,0.610948,2,1,551,3049,1.250000,2.722300,3000,no
56,SELL,-0.649686,21:07:23.361998472,no,-,-,-,-,5.054470,0.197845,0.610948,2,1,556,3044,1.250000,2.697800,3000,no
57,SELL,-0.710409,21:07:23.361998472,no,-,-,-,-,5.559917,0.179859,0.610948,2,1,561,3039,1.250000,2.673700,3000,no
58,SELL,-0.643716,21:07:23.361998472,no,-,-,-,-,6.115909,0.163508,0.610948,2,1,566,3034,1.250000,2.650100,3000,no
59,SELL,-0.855968,21:07:23.361998472,no,-,-,-,-,6.727500,0.148644,0.610948,2,1,570,3030,1.250000,2.631500,3000,no
60,SELL,-0.899753,21:07:23.361998472,no,-,-,-,-,7.400250,0.135131,0.610948,2,1,575,3025,1.250000,2.608600,3000,no
61,SELL,0.043682,21:07:23.361998472,no,-,-,-,-,8.140275,0.122846,0.610948,2,1,578,3022,1.250000,2.595100,3000,no
62,SELL,0.562685,21:07:23.361998472,no,-,-,-,-,8.954302,0.111678,0.610948,2,1,583,3017,1.250000,2.572800,3000,no
63,SELL,0.594130,21:07:23.361998472,no,-,-,-,-,9.849733,0.101526,0.610948,2,1,586,3014,1.250000,2.559700,3000,no
64,SELL,0.486920,21:07:23.361998472,no,-,-,-,-,10.000000,0.100000,0.610948,2,1,590,3010,1.250000,2.542300,3000,no
65,SELL,0.506649,21:07:23.361998472,no,-,-,-,-,10.000000,0.100000,0.610948,2,1,594,3006,1.250000,2.525200,3000,no
66,SELL,0.380961,21:07:23.361998472,no,-,-,-,-,10.000000,0.100000,0.610948,2,1,599,3001,1.250000,2.504100,3000,no
67,SELL,0.291514,21:07:23.361998472,no,-,-,-,-,10.000000,0.100000,0.610948,2,1,604,2996,1.250000,2.483400,3000,no
68,SELL,-0.026810,21:07:23.361998472,no,-,-,-,-,10.000000,0.100000,0.610948,2,1,606,2994,1.250000,2.475200,3000,no
69,SELL,-0.122984,21:07:23.361998472,no,-,-,-,-,10.000000,0.100000,0.610948,2,1,610,2990,1.250000,2.459000,3000,no
70,SELL,0.062456,21:07:23.361998472,no,-,-,-,-,10.000000,0.100000,0.610948,2,1,613,2987,1.250000,2.446900,3000,no
71,SELL,-0.007777,21:07:23.361998472,no,-,-,-,-,10.000000,0.100000,0.610948,2,1,617,2983,1.250000,2.431100,3000,no
72,SELL,0.059182,21:07:23.361998472,no,-,-,-,-,10.000000,0.100000,0.610948,2,1,620,2980,1.250000,2.419300,3000,no
73,SELL,-0.015688,21:07:23.361998472,no,-,-,-,-,10.000000,0.100000,0.610948,2,1,624,2976,1.250000,2.403800,3000,no
74,SELL,-0.181181,21:07:23.361998472,no,-,-,-,-,10.000000,0.100000,0.610948,2,1,628,2972,1.250000,2.388500,3000,no
75,SELL,-0.075025,21:07:23.361998472,no,-,-,-,-,10.000000,0.100000,0.610948,2,1,632,2968,1.250000,2.373400,3000,no
76,SELL,-0.088175,21:07:23.361998472,no,-,-,-,-,10.000000,0.100000,0.610948,2,1,637,2963,1.250000,2.354700,3000,no
77,SELL,0.052049,21:07:23.361998472,no,-,-,-,-,10.000000,0.100000,0.610948,2,1,640,2960,1.250000,2.343700,3000,no
78,SELL,-0.002936,21:07:23.361998472,no,-,-,-,-,10.000000,0.100000,0.610948,2,1,642,2958,1.250000,2.336400,3000,no
79,SELL,0.053570,21:07:23.361998472,no,-,-,-,-,10.000000,0.100000,0.610948,2,1,644,2956,1.250000,2.329100,3000,no
80,SELL,-0.183055,21:07:23.361998472,no,-,-,-,-,10.000000,0.100000,0.610948,2,1,647,2953,1.250000,2.318300,3000,no
81,SELL,-0.002946,21:07:23.361998472,no,-,-,-,-,10.000000,0.100000,0.610948,2,1,650,2950,1.250000,2.307600,3000,no
82,SELL,-0.049591,21:07:23.361998472,no,-,-,-,-,10.000000,0.100000,0.610948,2,1,654,2946,1.250000,2.293500,3000,no
83,SELL,0.097349,21:07:23.361998472,no,-,-,-,-,10.000000,0.100000,0.610948,2,1,658,2942,1.250000,2.279600,3000,no
84,SELL,0.262843,21:07:23.361998472,no,-,-,-,-,10.000000,0.100000,0.610948,2,1,662,2938,1.250000,2.265800,3000,no
85,SELL,0.171934,21:07:23.361998472,no,-,-,-,-,10.000000,0.100000,0.610948,2,1,666,2934,1.250000,2.252200,3000,no
86,SELL,0.206738,21:07:23.361998472,no,-,-,-,-,10.000000,0.100000,0.610948,2,1,669,2931,1.250000,2.242100,3000,no
87,SELL,0.531948,21:07:23.361998472,no,-,-,-,-,10.000000,0.100000,0.610948,2,1,673,2927,1.250000,2.228800,3000,no
88,SELL,0.651976,21:07:23.361998472,no,-,-,-,-,10.000000,0.100000,0.610948,2,1,676,2924,1.250000,2.218900,3000,no
89,SELL,1.006629,21:07:23.361998472,no,-,-,-,-,10.000000,0.100000,0.610948,2,1,680,2920,1.250000,2.205800,3000,no
90,SELL,0.806708,21:07:23.361998472,no,-,-,-,-,10.000000,0.100000,0.610948,2,1,683,2917,1.250000,2.196100,3000,no
91,SELL,1.617542,21:07:23.361998472,no,-,-,-,-,10.000000,0.100000,0.610948,2,1,686,2914,1.250000,2.186500,3000,no
92,SELL,1.257494,21:07:23.361998472,no,-,-,-,-,10.000000,0.100000,0.610948,2,1,690,2910,1.250000,2.173900,3000,no
93,SELL,0.270154,21:07:23.361998472,no,-,-,-,-,10.000000,0.100000,0.610948,2,1,693,2907,1.250000,2.164500,3000,no
94,SELL,-0.035261,21:07:23.361998472,no,-,-,-,-,10.000000,0.100000,0.610948,2,1,697,2903,1.250000,2.152000,3000,no
95,SELL,0.028153,21:07:23.361998472,no,-,-,-,-,10.000000,0.100000,0.610948,2,1,701,2899,1.250000,2.139800,3000,no
96,SELL,-0.053980,21:07:23.361998472,no,-,-,-,-,10.000000,0.100000,0.610948,2,1,704,2896,1.250000,2.130600,3000,no
97,SELL,-0.085954,21:07:23.361998472,no,-,-,-,-,10.000000,0.100000,0.610948,2,1,706,2894,1.250000,2.124600,3000,no
98,SELL,-0.003698,21:07:23.361998472,no,-,-,-,-,10.000000,0.100000,0.610948,2,1,710,2890,1.250000,2.112600,3000,no
99,SELL,-0.457009,21:07:23.361998472,no,-,-,-,-,10.000000,0.100000,0.610948,2,1,713,2887,1.250000,2.103700,3000,no
100,SELL,-0.279802,21:07:23.361998472,no,-,-,-,-,10.000000,0.100000,0.610948,2,1,715,2885,1.250000,2.097900,3000,no
101,SELL,-0.054176,21:07:23.361998472,no,-,-,-,-,10.000000,0.100000,0.610948,2,1,718,2882,1.250000,2.089100,3000,no
102,SELL,0.078168,21:07:23.361998472,no,-,-,-,-,10.000000,0.100000,0.610948,2,1,722,2878,1.250000,2.077500,3000,no
103,SELL,0.037577,21:07:23.361998472,no,-,-,-,-,10.000000,0.100000,0.610948,2,1,725,2875,1.250000,2.068900,3000,no
104,SELL,0.450983,21:07:23.361998472,no,-,-,-,-,10.000000,0.100000,0.610948,2,1,729,2871,1.250000,2.057600,3000,no
105,SELL,0.009300,21:07:23.361998472,no,-,-,-,-,10.000000,0.100000,0.610948,2,1,732,2868,1.250000,2.049100,3000,no
106,SELL,-0.006058,21:07:23.361998472,no,-,-,-,-,10.000000,0.100000,0.610948,2,1,738,2862,1.250000,2.032500,3000,no
107,SELL,-0.596277,21:07:23.361998472,no,-,-,-,-,10.000000,0.100000,0.610948,2,1,742,2858,1.250000,2.021500,3000,no
108,SELL,-1.122482,21:07:23.361998472,no,-,-,-,-,10.000000,0.100000,0.610948,2,1,748,2852,1.250000,2.005300,3000,no
109,SELL,0.161016,21:07:23.361998472,no,-,-,-,-,10.000000,0.100000,0.610948,2,1,754,2846,1.250000,1.989300,3000,no
110,SELL,0.551686,21:07:23.361998472,no,-,-,-,-,10.000000,0.100000,0.610948,2,1,758,2842,1.250000,1.978800,3000,no
111,SELL,0.272782,21:07:23.361998472,no,-,-,-,-,10.000000,0.100000,0.610948,2,1,763,2837,1.250000,1.965900,3000,no
112,SELL,0.353221,21:07:23.361998472,no,-,-,-,-,10.000000,0.100000,0.610948,2,1,766,2834,1.250000,1.958200,3000,no
113,SELL,0.258452,21:07:23.361998472,no,-,-,-,-,10.000000,0.100000,0.610948,2,1,770,2830,1.250000,1.948000,3000,no
114,SELL,0.486593,21:07:23.361998472,no,-,-,-,-,10.000000,0.100000,0.610948,2,1,773,2827,1.250000,1.940400,3000,no
115,SELL,0.461617,21:07:23.361998472,no,-,-,-,-,10.000000,0.100000,0.610948,2,1,776,2824,1.250000,1.932900,3000,no
116,SELL,0.170343,21:07:23.361998472,no,-,-,-,-,10.000000,0.100000,0.610948,2,1,781,2819,1.250000,1.920600,3000,no
117,SELL,0.105942,21:07:23.361998472,no,-,-,-,-,10.000000,0.100000,0.610948,2,1,784,2816,1.250000,1.913200,3000,no
118,SELL,-0.056052,21:07:23.361998472,no,-,-,-,-,10.000000,0.100000,0.610948,2,1,786,2814,1.250000,1.908300,3000,no
119,SELL,-0.001814,21:07:23.361998472,no,-,-,-,-,10.000000,0.100000,0.610948,2,1,789,2811,1.250000,1.901100,3000,no
120,SELL,-0.233578,21:07:23.361998472,no,-,-,-,-,10.000000,0.100000,0.610948,2,1,792,2808,1.250000,1.893900,3000,no
121,SELL,0.023908,21:07:23.361998472,no,-,-,-,-,10.000000,0.100000,0.610948,2,1,795,2805,1.250000,1.886700,3000,no
122,SELL,-0.056354,21:07:23.361998472,no,-,-,-,-,10.000000,0.100000,0.610948,2,1,798,2802,1.250000,1.879600,3000,no
123,SELL,0.242289,21:07:23.361998472,no,-,-,-,-,10.000000,0.100000,0.610948,2,1,801,2799,1.250000,1.872600,3000,no
124,SELL,0.173588,21:07:23.361998472,no,-,-,-,-,10.000000,0.100000,0.610948,2,1,806,2794,1.250000,1.861000,3000,no
125,SELL,-0.096866,21:07:23.361998472,no,-,-,-,-,10.000000,0.100000,0.610948,2,1,809,2791,1.250000,1.854100,3000,no
126,SELL,-0.403360,21:07:23.361998472,no,-,-,-,-,10.000000,0.100000,0.610948,2,1,813,2787,1.250000,1.845000,3000,no
127,SELL,-0.502588,21:07:23.361998472,no,-,-,-,-,10.000000,0.100000,0.610948,2,1,817,2783,1.250000,1.835900,3000,no
128,SELL,-0.524929,21:07:23.361998472,no,-,-,-,-,10.000000,0.100000,0.610948,2,1,821,2779,1.250000,1.827000,3000,no
129,SELL,-0.421672,21:07:23.361998472,no,-,-,-,-,10.000000,0.100000,0.610948,2,1,824,2776,1.250000,1.820300,3000,no
130,SELL,-0.257755,21:07:23.361998472,no,-,-,-,-,10.000000,0.100000,0.610948,2,1,828,2772,1.250000,1.811500,3000,no
131,SELL,0.030357,21:07:23.361998472,no,-,-,-,-,10.000000,0.100000,0.610948,2,1,831,2769,1.250000,1.805000,3000,no
132,SELL,-0.318254,21:07:23.361998472,no,-,-,-,-,10.000000,0.100000,0.610948,2,1,835,2765,1.250000,1.796400,3000,no
133,SELL,-0.088279,21:07:23.361998472,no,-,-,-,-,10.000000,0.100000,0.610948,2,1,837,2763,1.250000,1.792100,3000,no
134,SELL,0.314083,21:07:23.361998472,no,-,-,-,-,10.000000,0.100000,0.610948,2,1,840,2760,1.250000,1.785700,3000,no
135,SELL,0.918984,21:07:23.361998472,no,-,-,-,-,10.000000,0.100000,0.610948,2,1,843,2757,1.250000,1.779300,3000,no
136,SELL,0.465782,21:07:23.361998472,no,-,-,-,-,10.000000,0.100000,0.610948,2,1,847,2753,1.250000,1.770900,3000,no
137,SELL,0.302924,21:07:23.361998472,no,-,-,-,-,10.000000,0.100000,0.610948,2,1,850,2750,1.250000,1.764700,3000,no
138,SELL,-0.103847,21:07:23.361998472,no,-,-,-,-,10.000000,0.100000,0.610948,2,1,853,2747,1.250000,1.758400,3000,no
139,SELL,0.779377,21:07:23.361998472,no,-,-,-,-,10.000000,0.100000,0.610948,2,1,858,2742,1.250000,1.748200,3000,no
140,SELL,0.523400,21:07:23.361998472,no,-,-,-,-,10.000000,0.100000,0.610948,2,1,860,2740,1.250000,1.744100,3000,no
141,SELL,0.692163,21:07:23.361998472,no,-,-,-,-,10.000000,0.100000,0.610948,2,1,863,2737,1.250000,1.738100,3000,no
142,SELL,0.429799,21:07:23.361998472,no,-,-,-,-,10.000000,0.100000,0.610948,2,1,866,2734,1.250000,1.732100,3000,no
143,SELL,0.417774,21:07:23.361998472,no,-,-,-,-,10.000000,0.100000,0.610948,2,1,870,2730,1.250000,1.724100,3000,no
144,SELL,0.255770,21:07:23.361998472,no,-,-,-,-,10.000000,0.100000,0.610948,2,1,874,2726,1.250000,1.716200,3000,no
145,SELL,0.379214,21:07:23.361998472,no,-,-,-,-,10.000000,0.100000,0.610948,2,1,877,2723,1.250000,1.710300,3000,no
146,SELL,0.444252,21:07:23.361998472,no,-,-,-,-,10.000000,0.100000,0.610948,2,1,881,2719,1.250000,1.702600,3000,no
147,SELL,0.456246,21:07:23.361998472,no,-,-,-,-,10.000000,0.100000,0.610948,2,1,884,2716,1.250000,1.696800,3000,no
148,SELL,0.815349,21:07:23.361998472,no,-,-,-,-,10.000000,0.100000,0.610948,2,1,887,2713,1.250000,1.691000,3000,no
149,SELL,0.409926,21:07:23.361998472,no,-,-,-,-,10.000000,0.100000,0.610948,2,1,892,2708,1.250000,1.681600,3000,no
150,SELL,0.364641,21:07:23.361998472,no,-,-,-,-,10.000000,0.100000,0.610948,2,1,894,2706,1.250000,1.677800,3000,no
151,SELL,0.278039,21:07:23.361998472,no,-,-,-,-,10.000000,0.100000,0.610948,2,1,897,2703,1.250000,1.672200,3000,no
152,SELL,0.335464,21:07:23.361998472,no,-,-,-,-,10.000000,0.100000,0.610948,2,1,902,2698,1.250000,1.662900,3000,no
153,SELL,0.247596,21:07:23.361998472,no,-,-,-,-,10.000000,0.100000,0.610948,2,1,904,2696,1.250000,1.659200,3000,no
154,SELL,0.336453,21:07:23.361998472,no,-,-,-,-,10.000000,0.100000,0.610948,2,1,907,2693,1.250000,1.653800,3000,no
155,SELL,0.136782,21:07:23.361998472,no,-,-,-,-,10.000000,0.100000,0.610948,2,1,909,2691,1.250000,1.650100,3000,no
156,SELL,-0.229640,21:07:23.361998472,no,-,-,-,-,10.000000,0.100000,0.610948,2,1,1189,2411,1.250000,1.261500,3000,no
157,SELL,0.157658,21:07:23.361998472,no,-,-,-,-,10.000000,0.100000,0.610948,2,1,1193,2407,1.250000,1.257300,3000,no
158,SELL,0.154921,21:07:23.361998472,no,-,-,-,-,10.000000,0.100000,0.610948,2,1,1197,2403,1.250000,1.253100,3000,no
159,SELL,-0.004405,21:07:23.361998472,no,-,-,-,-,9.090909,0.110000,0.610948,2,1,1201,2399,1.250000,1.248900,3000,no
160,SELL,-0.183136,21:07:23.361998472,no,-,-,-,-,8.264463,0.121000,0.610948,2,1,1205,2395,1.250000,1.244800,3000,no
161,SELL,-0.484831,21:07:23.361998472,no,-,-,-,-,7.513148,0.133100,0.610948,2,1,1212,2388,1.250000,1.237600,3000,no
162,SELL,-0.490277,21:07:23.361998472,no,-,-,-,-,6.830135,0.146410,0.610948,2,1,1218,2382,1.250000,1.231500,3000,no
163,SELL,-0.513874,21:07:23.361998472,no,-,-,-,-,6.209213,0.161051,0.610948,2,1,1224,2376,1.250000,1.225400,3000,no
164,SELL,-0.201542,21:07:23.361998472,no,-,-,-,-,5.644739,0.177156,0.610948,2,1,1230,2370,1.250000,1.219500,3000,no
165,SELL,-0.417929,21:07:23.361998472,no,-,-,-,-,5.131581,0.194872,0.610948,2,1,1233,2367,1.250000,1.216500,3000,no
166,SELL,-0.268443,21:07:23.361998472,no,-,-,-,-,4.665074,0.214359,0.610948,2,1,1237,2363,1.250000,1.212600,3000,no
167,SELL,0.045135,21:07:23.361998472,no,-,-,-,-,4.240976,0.235795,0.610948,2,1,1241,2359,1.250000,1.208700,3000,no
168,SELL,0.049002,21:07:23.361998472,no,-,-,-,-,3.855433,0.259374,0.610948,2,1,1247,2353,1.250000,1.202800,3000,no
169,SELL,-0.054681,21:07:23.361998472,no,-,-,-,-,3.504939,0.285312,0.610948,2,1,1250,2350,1.250000,1.200000,3000,no
170,SELL,-0.801368,21:07:23.361998472,no,-,-,-,-,3.186308,0.313843,0.610948,2,1,1254,2346,1.250000,1.196100,3000,no
171,SELL,-0.254984,21:07:23.361998472,no,-,-,-,-,2.896644,0.345227,0.610948,2,1,1258,2342,1.250000,1.192300,3000,no
172,SELL,-0.075723,21:07:23.361998472,no,-,-,-,-,2.633313,0.379750,0.610948,2,1,1263,2337,1.250000,1.187600,3000,no
173,SELL,-0.175336,21:07:23.361998472,no,-,-,-,-,2.393920,0.417725,0.610948,2,1,1267,2333,1.250000,1.183800,3000,no
174,SELL,-0.267991,21:07:23.361998472,no,-,-,-,-,2.176291,0.459497,0.610948,2,1,1271,2329,1.250000,1.180100,3000,no
175,SELL,-0.249627,21:07:23.361998472,no,-,-,-,-,1.978447,0.505447,0.610948,2,1,1275,2325,1.250000,1.176400,3000,no
176,SELL,-0.226959,21:07:23.361998472,no,-,-,-,-,1.798588,0.555992,0.610948,2,1,1278,2322,1.250000,1.173700,3000,no
177,SELL,-0.425112,21:07:23.361998472,no,-,-,-,-,1.635080,0.611591,0.610948,2,1,1281,2319,1.250000,1.170900,3000,no
178,SELL,-0.474180,21:07:23.361998472,no,-,-,-,-,1.486436,0.672750,0.610948,2,1,1286,2314,1.250000,1.166400,3000,no
179,SELL,-0.330313,21:07:23.361998472,no,-,-,-,-,1.351306,0.740025,0.610948,2,1,1290,2310,1.250000,1.162700,3000,no
180,SELL,-0.411890,21:07:23.361998472,no,-,-,-,-,1.228460,0.814027,0.610948,2,1,1296,2304,1.250000,1.157400,3000,no
181,SELL,-0.405368,21:07:23.361998472,no,-,-,-,-,1.116782,0.895430,0.610948,2,1,1299,2301,1.250000,1.154700,3000,no
182,SELL,-0.647983,21:07:23.361998472,no,-,-,-,-,1.015256,0.984973,0.610948,2,1,1303,2297,1.250000,1.151100,3000,no
183,SELL,-0.696940,21:07:23.361998472,yes,9.690000,bid1,100,00:00:00.000035831,0.922960,1.083471,0.610948,2,1,1308,2292,1.250000,1.146700,3000,no
184,SELL,-0.045908,21:07:23.361998472,no,-,-,-,-,0.839055,1.191818,0.610948,2,1,1312,2288,1.250000,1.143200,3000,no
185,SELL,-0.197339,21:07:23.361998472,no,-,-,-,-,0.762777,1.310999,0.610948,2,1,1315,2285,1.250000,1.140600,3000,no
186,SELL,-0.303442,21:07:23.361998472,no,-,-,-,-,0.693433,1.442099,0.610948,2,1,1319,2281,1.250000,1.137200,3000,no
187,SELL,-0.425516,21:07:23.361998472,yes,9.680000,bid1,100,00:00:00.000036994,0.630394,1.586309,0.610948,2,1,1324,2276,1.250000,1.132900,3000,no
188,SELL,0.145092,21:07:23.361998472,no,-,-,-,-,0.573086,1.744940,0.610948,2,1,1329,2271,1.250000,1.128600,3000,no
189,SELL,0.102233,21:07:23.361998472,no,-,-,-,-,0.520987,1.919434,0.610948,2,1,1334,2266,1.250000,1.124400,3000,no
190,SELL,0.136750,21:07:23.361998472,no,-,-,-,-,0.473624,2.111378,0.610948,2,1,1337,2263,1.250000,1.121900,3000,no
191,SELL,-0.958768,21:07:23.361998472,yes,9.690000,bid1,200,00:00:00.000038065,0.430568,2.322515,0.610948,2,1,1344,2256,1.250000,1.116000,3000,no
192,SELL,-0.031167,21:07:23.361998472,no,-,-,-,-,0.391425,2.554767,0.610948,2,1,1347,2253,1.250000,1.113500,3000,no
193,SELL,0.093243,21:07:23.361998472,no,-,-,-,-,0.355841,2.810244,0.610948,2,1,1351,2249,1.250000,1.110200,3000,no
194,SELL,0.386953,21:07:23.361998472,no,-,-,-,-,0.323492,3.091268,0.610948,2,1,1354,2246,1.250000,1.107800,3000,no
195,SELL,0.207417,21:07:23.361998472,no,-,-,-,-,0.294083,3.400395,0.610948,2,1,1361,2239,1.250000,1.102100,3000,no
196,SELL,-0.041411,21:07:23.361998472,no,-,-,-,-,0.267349,3.740434,0.610948,2,1,1364,2236,1.250000,1.099700,3000,no
197,SELL,0.016905,21:07:23.361998472,no,-,-,-,-,0.243044,4.114478,0.610948,2,1,1368,2232,1.250000,1.096400,3000,no
198,SELL,-0.549737,21:07:23.361998472,yes,9.680000,bid1,400,00:00:00.000035845,0.220949,4.525926,0.610948,2,1,1385,2215,1.250000,1.083000,3000,no
199,SELL,0.861597,21:07:23.361998472,no,-,-,-,-,0.200863,4.978518,0.610948,2,1,1490,2110,1.250000,1.006700,3000,no
200,SELL,1.209746,21:07:23.361998472,no,-,-,-,-,0.182603,5.476370,0.610948,2,1,1553,2047,1.250000,0.965800,3000,no
201,SELL,0.983245,21:07:23.361998472,no,-,-,-,-,0.166002,6.024007,0.610948,2,1,1558,2042,1.250000,0.962700,3000,no
202,SELL,1.069956,21:07:23.361998472,no,-,-,-,-,0.150911,6.626408,0.610948,2,1,1562,2038,1.250000,0.960300,3000,no
203,SELL,0.661708,21:07:23.361998472,no,-,-,-,-,0.137192,7.289048,0.610948,2,1,1564,2036,1.250000,0.959000,3000,no
204,SELL,0.680058,21:07:23.361998472,no,-,-,-,-,0.124720,8.017953,0.610948,2,1,1567,2033,1.250000,0.957200,3000,no
205,SELL,0.331647,21:07:23.361998472,no,-,-,-,-,0.113382,8.819749,0.610948,2,1,1571,2029,1.250000,0.954800,3000,no
206,SELL,0.217280,21:07:23.361998472,no,-,-,-,-,0.103074,9.701723,0.610948,2,1,1575,2025,1.250000,0.952300,3000,no
207,SELL,0.655969,21:07:23.361998472,no,-,-,-,-,0.100000,10.000000,0.610948,2,1,1579,2021,1.250000,0.949900,3000,no
208,SELL,0.318718,21:07:23.361998472,no,-,-,-,-,0.100000,10.000000,0.610948,2,1,1583,2017,1.250000,0.947500,3000,no
209,SELL,-0.086445,21:07:23.361998472,yes,9.670000,bid1,1000,00:00:00.000036398,0.100000,10.000000,0.610948,2,1,1586,2014,1.250000,0.945700,3000,no
210,SELL,0.416955,21:07:23.361998472,no,-,-,-,-,0.100000,10.000000,0.610948,2,1,1591,2009,1.250000,0.942800,3000,no
211,SELL,0.548557,21:07:23.361998472,no,-,-,-,-,0.100000,10.000000,0.610948,2,1,1630,1970,1.250000,0.920200,3000,no
212,SELL,2.634206,21:07:23.361998472,yes,9.590000,ask1,3000,00:00:00.000022106,0.100000,10.000000,0.610948,2,1,4926,-1326,1.250000,0.304500,3000,yes
213,SELL,0.518462,21:07:23.361998472,yes,9.590000,ask1,3000,00:00:00.000026053,0.100000,10.000000,0.610948,2,1,4929,-1329,1.250000,0.304300,3000,yes
214,SELL,0.481544,21:07:23.361998472,yes,9.590000,ask1,3000,00:00:00.000026662,0.100000,10.000000,0.610948,2,1,4934,-1334,1.250000,0.304000,3000,yes
215,SELL,0.926671,21:07:23.361998472,yes,9.590000,ask1,3000,00:00:00.000024925,0.100000,10.000000,0.610948,2,1,4937,-1337,1.250000,0.303800,3000,yes
216,SELL,1.324867,21:07:23.361998472,yes,9.590000,ask1,3000,00:00:00.000043141,0.100000,10.000000,0.610948,2,1,4941,-1341,1.250000,0.303500,3000,yes
217,SELL,1.354866,21:07:23.361998472,yes,9.590000,ask1,3000,00:00:00.000025091,0.100000,10.000000,0.610948,2,1,4945,-1345,1.250000,0.303300,3000,yes
218,SELL,0.648598,21:07:23.361998472,yes,9.600000,ask1,3000,00:00:00.000025056,0.100000,10.000000,0.610948,2,1,4948,-1348,1.250000,0.303100,3000,yes
219,SELL,0.025633,21:07:23.361998472,yes,9.600000,ask1,3000,00:00:00.000025336,0.100000,10.000000,0.610948,2,1,4953,-1353,1.250000,0.302800,3000,yes
220,SELL,0.805528,21:07:23.361998472,yes,9.600000,ask1,3000,00:00:00.000025758,0.100000,10.000000,0.610948,2,1,4956,-1356,1.250000,0.302600,3000,yes
221,SELL,-0.319277,21:07:23.361998472,yes,9.590000,bid1,3000,00:00:00.000024095,0.100000,10.000000,0.610948,2,1,4967,-1367,1.250000,0.301900,3000,yes
222,SELL,-0.030710,21:07:23.361998472,yes,9.600000,ask1,3000,00:00:00.000024575,0.100000,10.000000,0.610948,2,1,4971,-1371,1.250000,0.301700,3000,yes
223,SELL,-0.172543,21:07:23.361998472,yes,9.590000,bid1,3000,00:00:00.000024415,0.100000,10.000000,0.610948,2,1,4976,-1376,1.250000,0.301400,3000,yes
224,SELL,0.498183,21:07:23.361998472,yes,9.600000,ask1,3000,00:00:00.000023835,0.100000,10.000000,0.610948,2,1,4979,-1379,1.250000,0.301200,3000,yes
225,SELL,1.062951,21:07:23.361998472,yes,9.600000,ask1,3000,00:00:00.000024916,0.100000,10.000000,0.610948,2,1,4984,-1384,1.250000,0.300900,3000,yes
226,SELL,0.961093,21:07:23.361998472,yes,9.600000,ask1,3000,00:00:00.000025244,0.100000,10.000000,0.610948,2,1,4989,-1389,1.250000,0.300600,3000,yes
227,SELL,0.746020,21:07:23.361998472,yes,9.600000,ask1,3000,00:00:00.000024219,0.100000,10.000000,0.610948,2,1,4993,-1393,1.250000,0.300400,3000,yes
228,SELL,0.824819,21:07:23.361998472,yes,9.600000,ask1,3000,00:00:00.000043579,0.100000,10.000000,0.610948,2,1,4997,-1397,1.250000,0.300100,3000,yes
229,SELL,0.825989,21:07:23.361998472,yes,9.600000,ask1,3000,00:00:00.000024277,0.100000,10.000000,0.610948,2,1,5003,-1403,1.250000,0.299800,3000,yes
230,SELL,-0.542540,21:07:23.361998472,yes,9.600000,bid1,3000,00:00:00.000024797,0.100000,10.000000,0.610948,2,1,5006,-1406,1.250000,0.299600,3000,yes
231,SELL,-0.205494,21:07:23.361998472,yes,9.590000,bid1,3000,00:00:00.000025241,0.100000,10.000000,0.610948,2,1,5035,-1435,1.250000,0.297900,3000,yes
232,SELL,-0.186262,21:07:23.361998472,yes,9.590000,bid1,3000,00:00:00.000032238,0.100000,10.000000,0.610948,2,1,5037,-1437,1.250000,0.297700,3000,yes
233,SELL,-0.786944,21:07:23.361998472,yes,9.590000,bid1,3000,00:00:00.000025759,0.100000,10.000000,0.610948,2,1,5040,-1440,1.250000,0.297600,3000,yes
234,SELL,-0.607971,21:07:23.361998472,yes,9.590000,bid1,3000,00:00:00.000024490,0.100000,10.000000,0.610948,2,1,5045,-1445,1.250000,0.297300,3000,yes
