轮数,方向,预测值,算法开始时间,是否下单,下单价格,档位,下单量,下单耗时(从预测到下单),r1,r2,std,freq,qty_scalar,经过时间,剩余时间,目标速度,实际速度,剩余量,是否为最后一轮
1,SELL,-1.363156,21:07:23.364658843,yes,13.480000,bid1,100,00:00:00.000048842,0.909091,1.100000,0.676012,2,1,332,3268,1.250000,0.301200,4400,no
2,SELL,-1.130574,21:07:23.364658843,yes,13.460000,bid1,100,00:00:00.000050457,0.826446,1.210000,0.676012,2,1,335,3265,1.250000,0.597000,4300,no
3,SELL,-0.725578,21:07:23.364658843,yes,13.470000,bid1,100,00:00:00.000038514,0.751315,1.331000,0.676012,2,1,338,3262,1.250000,0.887500,4200,no
4,SELL,-1.070403,21:07:23.364658843,yes,13.470000,bid1,100,00:00:00.000047457,0.683013,1.464100,0.676012,2,1,343,3257,1.250000,1.166100,4100,no
5,SELL,-0.337776,21:07:23.364658843,no,-,-,-,-,0.620921,1.610510,0.676012,2,1,347,3253,1.250000,1.152700,4100,no
6,SELL,-0.407009,21:07:23.364658843,yes,13.460000,bid1,100,00:00:00.000039530,0.564474,1.771561,0.676012,2,1,350,3250,1.250000,1.428500,4000,no
7,SELL,-0.527547,21:07:23.364658843,yes,13.470000,bid1,100,00:00:00.000046413,0.564474,1.771561,0.676012,2,1,354,3246,1.250000,1.694900,3900,no
8,SELL,-0.310340,21:07:23.364658843,no,-,-,-,-,0.564474,1.771561,0.676012,2,1,359,3241,1.250000,1.671300,3900,no
9,SELL,-0.442030,21:07:23.364658843,yes,13.470000,bid1,100,00:00:00.000039220,0.564474,1.771561,0.676012,2,1,362,3238,1.250000,1.933700,3800,no
10,SELL,-0.817940,21:07:23.364658843,yes,13.470000,bid1,100,00:00:00.000043099,0.564474,1.771561,0.676012,2,1,366,3234,1.250000,2.185700,3700,no
11,SELL,1.756642,21:07:23.364658843,no,-,-,-,-,0.564474,1.771561,0.676012,2,1,369,3231,1.250000,2.168000,3700,no
12,SELL,-0.600827,21:07:23.364658843,yes,13.470000,bid1,100,00:00:00.000037288,0.564474,1.771561,0.676012,2,1,372,3228,1.250000,2.419300,3600,no
13,SELL,-0.570418,21:07:23.364658843,yes,13.450000,bid1,100,00:00:00.000039033,0.564474,1.771561,0.676012,2,1,376,3224,1.250000,2.659500,3500,no
14,SELL,-0.522815,21:07:23.364658843,yes,13.450000,bid1,100,00:00:00.000037902,0.620921,1.610510,0.676012,2,1,380,3220,1.250000,2.894700,3400,no
15,SELL,0.023085,21:07:23.364658843,no,-,-,-,-,0.683013,1.464100,0.676012,2,1,382,3218,1.250000,2.879500,3400,no
16,SELL,0.296137,21:07:23.364658843,no,-,-,-,-,0.751315,1.331000,0.676012,2,1,386,3214,1.250000,2.849700,3400,no
17,SELL,-0.636031,21:07:23.364658843,yes,13.470000,bid1,100,00:00:00.000036055,0.826446,1.210000,0.676012,2,1,392,3208,1.250000,3.061200,3300,no
18,SELL,0.554789,21:07:23.364658843,no,-,-,-,-,0.909091,1.100000,0.676012,2,1,396,3204,1.250000,3.030300,3300,no
19,SELL,-0.675003,21:07:23.364658843,no,-,-,-,-,1.000000,1.000000,0.676012,2,1,398,3202,1.250000,3.015000,3300,no
20,SELL,-0.332545,21:07:23.364658843,no,-,-,-,-,1.100000,0.909091,0.676012,2,1,402,3198,1.250000,2.985000,3300,no
21,SELL,-0.353186,21:07:23.364658843,no,-,-,-,-,1.210000,0.826446,0.676012,2,1,406,3194,1.250000,2.955600,3300,no
22,SELL,-0.573768,21:07:23.364658843,no,-,-,-,-,1.331000,0.751315,0.676012,2,1,409,3191,1.250000,2.933900,3300,no
23,SELL,-0.459048,21:07:23.364658843,no,-,-,-,-,1.464100,0.683013,0.676012,2,1,412,3188,1.250000,2.912600,3300,no
24,SELL,-0.167271,21:07:23.364658843,no,-,-,-,-,1.610510,0.620921,0.676012,2,1,416,3184,1.250000,2.884600,3300,no
25,SELL,-0.761505,21:07:23.364658843,no,-,-,-,-,1.771561,0.564474,0.676012,2,1,421,3179,1.250000,2.850300,3300,no
26,SELL,-0.510876,21:07:23.364658843,no,-,-,-,-,1.948717,0.513158,0.676012,2,1,426,3174,1.250000,2.816900,3300,no
27,SELL,-0.532892,21:07:23.364658843,no,-,-,-,-,2.143589,0.466507,0.676012,2,1,431,3169,1.250000,2.784200,3300,no
28,SELL,-0.030364,21:07:23.364658843,no,-,-,-,-,2.357948,0.424098,0.676012,2,1,436,3164,1.250000,2.752200,3300,no
29,SELL,-0.561139,21:07:23.364658843,no,-,-,-,-,2.593742,0.385543,0.676012,2,1,440,3160,1.250000,2.727200,3300,no
30,SELL,-0.398627,21:07:23.364658843,no,-,-,-,-,2.853117,0.350494,0.676012,2,1,444,3156,1.250000,2.702700,3300,no
31,SELL,-0.071801,21:07:23.364658843,no,-,-,-,-,3.138428,0.318631,0.676012,2,1,447,3153,1.250000,2.684500,3300,no
32,SELL,-0.155682,21:07:23.364658843,no,-,-,-,-,3.452271,0.289664,0.676012,2,1,451,3149,1.250000,2.660700,3300,no
33,SELL,-0.470448,21:07:23.364658843,no,-,-,-,-,3.797498,0.263331,0.676012,2,1,456,3144,1.250000,2.631500,3300,no
34,SELL,-0.240110,21:07:23.364658843,no,-,-,-,-,4.177248,0.239392,0.676012,2,1,459,3141,1.250000,2.614300,3300,no
35,SELL,-1.174457,21:07:23.364658843,no,-,-,-,-,4.594973,0.217629,0.676012,2,1,464,3136,1.250000,2.586200,3300,no
36,SELL,-1.157849,21:07:23.364658843,no,-,-,-,-,5.054470,0.197845,0.676012,2,1,466,3134,1.250000,2.575100,3300,no
37,SELL,-0.930831,21:07:23.364658843,no,-,-,-,-,5.559917,0.179859,0.676012,2,1,470,3130,1.250000,2.553100,3300,no
38,SELL,-0.907542,21:07:23.364658843,no,-,-,-,-,6.115909,0.163508,0.676012,2,1,474,3126,1.250000,2.531600,3300,no
39,SELL,-0.671354,21:07:23.364658843,no,-,-,-,-,6.727500,0.148644,0.676012,2,1,478,3122,1.250000,2.510400,3300,no
40,SELL,-0.588940,21:07:23.364658843,no,-,-,-,-,6.727500,0.148644,0.676012,2,1,481,3119,1.250000,2.494800,3300,no
41,SELL,-0.900374,21:07:23.364658843,no,-,-,-,-,6.727500,0.148644,0.676012,2,1,486,3114,1.250000,2.469100,3300,no
42,SELL,-0.073341,21:07:23.364658843,no,-,-,-,-,6.727500,0.148644,0.676012,2,1,489,3111,1.250000,2.453900,3300,no
43,SELL,-0.562127,21:07:23.364658843,no,-,-,-,-,6.727500,0.148644,0.676012,2,1,494,3106,1.250000,2.429100,3300,no
44,SELL,-0.779125,21:07:23.364658843,no,-,-,-,-,6.727500,0.148644,0.676012,2,1,500,3100,1.250000,2.400000,3300,no
45,SELL,-1.137737,21:07:23.364658843,no,-,-,-,-,6.727500,0.148644,0.676012,2,1,503,3097,1.250000,2.385600,3300,no
46,SELL,-1.374361,21:07:23.364658843,no,-,-,-,-,6.727500,0.148644,0.676012,2,1,508,3092,1.250000,2.362200,3300,no
47,SELL,-1.615439,21:07:23.364658843,no,-,-,-,-,6.727500,0.148644,0.676012,2,1,512,3088,1.250000,2.343700,3300,no
48,SELL,-1.588729,21:07:23.364658843,no,-,-,-,-,6.727500,0.148644,0.676012,2,1,517,3083,1.250000,2.321000,3300,no
49,SELL,-1.601041,21:07:23.364658843,no,-,-,-,-,6.727500,0.148644,0.676012,2,1,521,3079,1.250000,2.303200,3300,no
50,SELL,-0.510026,21:07:23.364658843,no,-,-,-,-,6.727500,0.148644,0.676012,2,1,526,3074,1.250000,2.281300,3300,no
51,SELL,-0.490720,21:07:23.364658843,no,-,-,-,-,6.727500,0.148644,0.676012,2,1,529,3071,1.250000,2.268400,3300,no
52,SELL,-0.932840,21:07:23.364658843,no,-,-,-,-,6.727500,0.148644,0.676012,2,1,533,3067,1.250000,2.251400,3300,no
53,SELL,-0.995765,21:07:23.364658843,no,-,-,-,-,6.727500,0.148644,0.676012,2,1,538,3062,1.250000,2.230400,3300,no
54,SELL,-1.157372,21:07:23.364658843,no,-,-,-,-,6.727500,0.148644,0.676012,2,1,544,3056,1.250000,2.205800,3300,no
55,SELL,-1.516484,21:07:23.364658843,no,-,-,-,-,6.727500,0.148644,0.676012,2,1,551,3049,1.250000,2.177800,3300,no
56,SELL,-1.239429,21:07:23.364658843,no,-,-,-,-,6.727500,0.148644,0.676012,2,1,556,3044,1.250000,2.158200,3300,no
57,SELL,-1.094038,21:07:23.364658843,no,-,-,-,-,6.727500,0.148644,0.676012,2,1,561,3039,1.250000,2.139000,3300,no
58,SELL,-0.401456,21:07:23.364658843,no,-,-,-,-,6.727500,0.148644,0.676012,2,1,566,3034,1.250000,2.120100,3300,no
59,SELL,-1.707007,21:07:23.364658843,no,-,-,-,-,6.727500,0.148644,0.676012,2,1,570,3030,1.250000,2.105200,3300,no
60,SELL,-0.319522,21:07:23.364658843,no,-,-,-,-,6.727500,0.148644,0.676012,2,1,575,3025,1.250000,2.086900,3300,no
61,SELL,-1.027875,21:07:23.364658843,no,-,-,-,-,6.727500,0.148644,0.676012,2,1,578,3022,1.250000,2.076100,3300,no
62,SELL,-0.481035,21:07:23.364658843,no,-,-,-,-,6.727500,0.148644,0.676012,2,1,583,3017,1.250000,2.058300,3300,no
63,SELL,-0.076182,21:07:23.364658843,no,-,-,-,-,6.727500,0.148644,0.676012,2,1,586,3014,1.250000,2.047700,3300,no
64,SELL,0.560110,21:07:23.364658843,no,-,-,-,-,6.727500,0.148644,0.676012,2,1,590,3010,1.250000,2.033800,3300,no
65,SELL,0.971859,21:07:23.364658843,no,-,-,-,-,6.727500,0.148644,0.676012,2,1,594,3006,1.250000,2.020200,3300,no
66,SELL,0.286369,21:07:23.364658843,no,-,-,-,-,6.727500,0.148644,0.676012,2,1,599,3001,1.250000,2.003300,3300,no
67,SELL,0.039357,21:07:23.364658843,no,-,-,-,-,6.727500,0.148644,0.676012,2,1,604,2996,1.250000,1.986700,3300,no
68,SELL,-0.413412,21:07:23.364658843,no,-,-,-,-,6.727500,0.148644,0.676012,2,1,606,2994,1.250000,1.980100,3300,no
69,SELL,-0.362356,21:07:23.364658843,no,-,-,-,-,6.727500,0.148644,0.676012,2,1,610,2990,1.250000,1.967200,3300,no
70,SELL,-0.505919,21:07:23.364658843,no,-,-,-,-,6.727500,0.148644,0.676012,2,1,613,2987,1.250000,1.957500,3300,no
71,SELL,0.311997,21:07:23.364658843,no,-,-,-,-,6.727500,0.148644,0.676012,2,1,617,2983,1.250000,1.944800,3300,no
72,SELL,0.025185,21:07:23.364658843,no,-,-,-,-,6.727500,0.148644,0.676012,2,1,620,2980,1.250000,1.935400,3300,no
73,SELL,0.427250,21:07:23.364658843,no,-,-,-,-,6.727500,0.148644,0.676012,2,1,624,2976,1.250000,1.923000,3300,no
74,SELL,0.500583,21:07:23.364658843,no,-,-,-,-,6.727500,0.148644,0.676012,2,1,628,2972,1.250000,1.910800,3300,no
75,SELL,-0.443320,21:07:23.364658843,no,-,-,-,-,6.727500,0.148644,0.676012,2,1,632,2968,1.250000,1.898700,3300,no
76,SELL,-0.923025,21:07:23.364658843,no,-,-,-,-,6.727500,0.148644,0.676012,2,1,637,2963,1.250000,1.883800,3300,no
77,SELL,-0.948047,21:07:23.364658843,no,-,-,-,-,6.727500,0.148644,0.676012,2,1,640,2960,1.250000,1.875000,3300,no
78,SELL,-0.451598,21:07:23.364658843,no,-,-,-,-,6.727500,0.148644,0.676012,2,1,642,2958,1.250000,1.869100,3300,no
79,SELL,-0.470944,21:07:23.364658843,no,-,-,-,-,6.727500,0.148644,0.676012,2,1,644,2956,1.250000,1.863300,3300,no
80,SELL,-0.338531,21:07:23.364658843,no,-,-,-,-,6.727500,0.148644,0.676012,2,1,648,2952,1.250000,1.851800,3300,no
81,SELL,-0.384567,21:07:23.364658843,no,-,-,-,-,6.727500,0.148644,0.676012,2,1,651,2949,1.250000,1.843300,3300,no
82,SELL,-0.846593,21:07:23.364658843,no,-,-,-,-,6.727500,0.148644,0.676012,2,1,654,2946,1.250000,1.834800,3300,no
83,SELL,-1.230574,21:07:23.364658843,no,-,-,-,-,6.727500,0.148644,0.676012,2,1,658,2942,1.250000,1.823700,3300,no
84,SELL,0.247813,21:07:23.364658843,no,-,-,-,-,6.727500,0.148644,0.676012,2,1,662,2938,1.250000,1.812600,3300,no
85,SELL,0.210898,21:07:23.364658843,no,-,-,-,-,6.727500,0.148644,0.676012,2,1,667,2933,1.250000,1.799100,3300,no
86,SELL,-0.029286,21:07:23.364658843,no,-,-,-,-,6.727500,0.148644,0.676012,2,1,669,2931,1.250000,1.793700,3300,no
87,SELL,-0.158812,21:07:23.364658843,no,-,-,-,-,6.727500,0.148644,0.676012,2,1,673,2927,1.250000,1.783000,3300,no
88,SELL,-0.126648,21:07:23.364658843,no,-,-,-,-,6.727500,0.148644,0.676012,2,1,676,2924,1.250000,1.775100,3300,no
89,SELL,-0.136741,21:07:23.364658843,no,-,-,-,-,6.727500,0.148644,0.676012,2,1,680,2920,1.250000,1.764700,3300,no
90,SELL,-0.039551,21:07:23.364658843,no,-,-,-,-,6.727500,0.148644,0.676012,2,1,683,2917,1.250000,1.756900,3300,no
91,SELL,0.236094,21:07:23.364658843,no,-,-,-,-,6.727500,0.148644,0.676012,2,1,686,2914,1.250000,1.749200,3300,no
92,SELL,0.544708,21:07:23.364658843,no,-,-,-,-,6.727500,0.148644,0.676012,2,1,690,2910,1.250000,1.739100,3300,no
93,SELL,0.197556,21:07:23.364658843,no,-,-,-,-,6.727500,0.148644,0.676012,2,1,693,2907,1.250000,1.731600,3300,no
94,SELL,-0.671185,21:07:23.364658843,no,-,-,-,-,6.727500,0.148644,0.676012,2,1,697,2903,1.250000,1.721600,3300,no
95,SELL,-0.436477,21:07:23.364658843,no,-,-,-,-,6.727500,0.148644,0.676012,2,1,701,2899,1.250000,1.711800,3300,no
96,SELL,-0.449700,21:07:23.364658843,no,-,-,-,-,6.727500,0.148644,0.676012,2,1,704,2896,1.250000,1.704500,3300,no
97,SELL,-0.056249,21:07:23.364658843,no,-,-,-,-,6.727500,0.148644,0.676012,2,1,706,2894,1.250000,1.699700,3300,no
98,SELL,-0.077562,21:07:23.364658843,no,-,-,-,-,6.727500,0.148644,0.676012,2,1,710,2890,1.250000,1.690100,3300,no
99,SELL,1.378940,21:07:23.364658843,no,-,-,-,-,6.727500,0.148644,0.676012,2,1,713,2887,1.250000,1.683000,3300,no
100,SELL,1.745751,21:07:23.364658843,no,-,-,-,-,6.727500,0.148644,0.676012,2,1,715,2885,1.250000,1.678300,3300,no
101,SELL,0.924581,21:07:23.364658843,no,-,-,-,-,6.727500,0.148644,0.676012,2,1,718,2882,1.250000,1.671300,3300,no
102,SELL,0.061770,21:07:23.364658843,no,-,-,-,-,6.727500,0.148644,0.676012,2,1,722,2878,1.250000,1.662000,3300,no
103,SELL,-0.068417,21:07:23.364658843,no,-,-,-,-,6.727500,0.148644,0.676012,2,1,725,2875,1.250000,1.655100,3300,no
104,SELL,-1.481265,21:07:23.364658843,no,-,-,-,-,6.727500,0.148644,0.676012,2,1,729,2871,1.250000,1.646000,3300,no
105,SELL,0.477331,21:07:23.364658843,no,-,-,-,-,6.727500,0.148644,0.676012,2,1,732,2868,1.250000,1.639300,3300,no
106,SELL,-0.600159,21:07:23.364658843,no,-,-,-,-,6.727500,0.148644,0.676012,2,1,738,2862,1.250000,1.626000,3300,no
107,SELL,-0.287147,21:07:23.364658843,no,-,-,-,-,6.727500,0.148644,0.676012,2,1,742,2858,1.250000,1.617200,3300,no
108,SELL,-0.848841,21:07:23.364658843,no,-,-,-,-,6.727500,0.148644,0.676012,2,1,749,2851,1.250000,1.602100,3300,no
109,SELL,-0.140035,21:07:23.364658843,no,-,-,-,-,6.727500,0.148644,0.676012,2,1,754,2846,1.250000,1.591500,3300,no
110,SELL,-0.569638,21:07:23.364658843,no,-,-,-,-,6.727500,0.148644,0.676012,2,1,759,2841,1.250000,1.581000,3300,no
111,SELL,0.113761,21:07:23.364658843,no,-,-,-,-,6.727500,0.148644,0.676012,2,1,763,2837,1.250000,1.572700,3300,no
112,SELL,-0.146368,21:07:23.364658843,no,-,-,-,-,6.727500,0.148644,0.676012,2,1,766,2834,1.250000,1.566500,3300,no
113,SELL,-0.288575,21:07:23.364658843,no,-,-,-,-,6.727500,0.148644,0.676012,2,1,770,2830,1.250000,1.558400,3300,no
114,SELL,-0.099853,21:07:23.364658843,no,-,-,-,-,6.727500,0.148644,0.676012,2,1,773,2827,1.250000,1.552300,3300,no
115,SELL,0.084071,21:07:23.364658843,no,-,-,-,-,6.727500,0.148644,0.676012,2,1,776,2824,1.250000,1.546300,3300,no
116,SELL,0.295550,21:07:23.364658843,no,-,-,-,-,6.727500,0.148644,0.676012,2,1,781,2819,1.250000,1.536400,3300,no
117,SELL,0.641380,21:07:23.364658843,no,-,-,-,-,6.727500,0.148644,0.676012,2,1,784,2816,1.250000,1.530600,3300,no
118,SELL,0.476649,21:07:23.364658843,no,-,-,-,-,6.727500,0.148644,0.676012,2,1,786,2814,1.250000,1.526700,3300,no
119,SELL,0.238789,21:07:23.364658843,no,-,-,-,-,6.727500,0.148644,0.676012,2,1,789,2811,1.250000,1.520900,3300,no
120,SELL,0.074565,21:07:23.364658843,no,-,-,-,-,6.727500,0.148644,0.676012,2,1,792,2808,1.250000,1.515100,3300,no
121,SELL,0.342139,21:07:23.364658843,no,-,-,-,-,6.727500,0.148644,0.676012,2,1,795,2805,1.250000,1.509400,3300,no
122,SELL,-0.079326,21:07:23.364658843,no,-,-,-,-,6.727500,0.148644,0.676012,2,1,798,2802,1.250000,1.503700,3300,no
123,SELL,0.015407,21:07:23.364658843,no,-,-,-,-,6.727500,0.148644,0.676012,2,1,802,2798,1.250000,1.496200,3300,no
124,SELL,0.322221,21:07:23.364658843,no,-,-,-,-,6.727500,0.148644,0.676012,2,1,806,2794,1.250000,1.488800,3300,no
125,SELL,0.471968,21:07:23.364658843,no,-,-,-,-,6.727500,0.148644,0.676012,2,1,809,2791,1.250000,1.483300,3300,no
126,SELL,-0.115040,21:07:23.364658843,no,-,-,-,-,6.727500,0.148644,0.676012,2,1,813,2787,1.250000,1.476000,3300,no
127,SELL,-0.285411,21:07:23.364658843,no,-,-,-,-,6.727500,0.148644,0.676012,2,1,817,2783,1.250000,1.468700,3300,no
128,SELL,-0.585168,21:07:23.364658843,no,-,-,-,-,6.727500,0.148644,0.676012,2,1,821,2779,1.250000,1.461600,3300,no
129,SELL,0.518891,21:07:23.364658843,no,-,-,-,-,6.727500,0.148644,0.676012,2,1,825,2775,1.250000,1.454500,3300,no
130,SELL,0.418655,21:07:23.364658843,no,-,-,-,-,6.727500,0.148644,0.676012,2,1,828,2772,1.250000,1.449200,3300,no
131,SELL,-0.038478,21:07:23.364658843,no,-,-,-,-,6.727500,0.148644,0.676012,2,1,831,2769,1.250000,1.444000,3300,no
132,SELL,-0.735998,21:07:23.364658843,no,-,-,-,-,6.727500,0.148644,0.676012,2,1,835,2765,1.250000,1.437100,3300,no
133,SELL,0.217540,21:07:23.364658843,no,-,-,-,-,6.727500,0.148644,0.676012,2,1,837,2763,1.250000,1.433600,3300,no
134,SELL,-0.044841,21:07:23.364658843,no,-,-,-,-,6.727500,0.148644,0.676012,2,1,840,2760,1.250000,1.428500,3300,no
135,SELL,0.028610,21:07:23.364658843,no,-,-,-,-,6.727500,0.148644,0.676012,2,1,843,2757,1.250000,1.423400,3300,no
136,SELL,-0.483182,21:07:23.364658843,no,-,-,-,-,6.727500,0.148644,0.676012,2,1,847,2753,1.250000,1.416700,3300,no
137,SELL,0.590514,21:07:23.364658843,no,-,-,-,-,6.727500,0.148644,0.676012,2,1,850,2750,1.250000,1.411700,3300,no
138,SELL,0.131571,21:07:23.364658843,no,-,-,-,-,6.727500,0.148644,0.676012,2,1,853,2747,1.250000,1.406700,3300,no
139,SELL,-0.004251,21:07:23.364658843,no,-,-,-,-,6.727500,0.148644,0.676012,2,1,858,2742,1.250000,1.398600,3300,no
140,SELL,-0.346218,21:07:23.364658843,no,-,-,-,-,6.727500,0.148644,0.676012,2,1,860,2740,1.250000,1.395300,3300,no
141,SELL,0.699565,21:07:23.364658843,no,-,-,-,-,6.727500,0.148644,0.676012,2,1,863,2737,1.250000,1.390400,3300,no
142,SELL,0.647118,21:07:23.364658843,no,-,-,-,-,6.727500,0.148644,0.676012,2,1,867,2733,1.250000,1.384000,3300,no
143,SELL,0.130498,21:07:23.364658843,no,-,-,-,-,6.727500,0.148644,0.676012,2,1,870,2730,1.250000,1.379300,3300,no
144,SELL,0.060009,21:07:23.364658843,no,-,-,-,-,6.727500,0.148644,0.676012,2,1,875,2725,1.250000,1.371400,3300,no
145,SELL,-0.220967,21:07:23.364658843,no,-,-,-,-,6.727500,0.148644,0.676012,2,1,877,2723,1.250000,1.368300,3300,no
146,SELL,0.349151,21:07:23.364658843,no,-,-,-,-,6.727500,0.148644,0.676012,2,1,881,2719,1.250000,1.362000,3300,no
147,SELL,0.182985,21:07:23.364658843,no,-,-,-,-,6.727500,0.148644,0.676012,2,1,884,2716,1.250000,1.357400,3300,no
148,SELL,0.276062,21:07:23.364658843,no,-,-,-,-,6.727500,0.148644,0.676012,2,1,887,2713,1.250000,1.352800,3300,no
149,SELL,0.312116,21:07:23.364658843,no,-,-,-,-,6.727500,0.148644,0.676012,2,1,892,2708,1.250000,1.345200,3300,no
150,SELL,0.116391,21:07:23.364658843,no,-,-,-,-,6.727500,0.148644,0.676012,2,1,894,2706,1.250000,1.342200,3300,no
151,SELL,0.729286,21:07:23.364658843,no,-,-,-,-,6.727500,0.148644,0.676012,2,1,897,2703,1.250000,1.337700,3300,no
152,SELL,0.404896,21:07:23.364658843,no,-,-,-,-,6.727500,0.148644,0.676012,2,1,902,2698,1.250000,1.330300,3300,no
153,SELL,0.014198,21:07:23.364658843,no,-,-,-,-,6.727500,0.148644,0.676012,2,1,904,2696,1.250000,1.327400,3300,no
154,SELL,0.898808,21:07:23.364658843,no,-,-,-,-,6.727500,0.148644,0.676012,2,1,907,2693,1.250000,1.323000,3300,no
155,SELL,0.422392,21:07:23.364658843,no,-,-,-,-,6.727500,0.148644,0.676012,2,1,909,2691,1.250000,1.320100,3300,no
156,SELL,2.094513,21:07:23.364658843,no,-,-,-,-,6.115909,0.163508,0.676012,2,1,1189,2411,1.250000,1.009200,3300,no
157,SELL,0.174313,21:07:23.364658843,no,-,-,-,-,5.559917,0.179859,0.676012,2,1,1193,2407,1.250000,1.005800,3300,no
158,SELL,-0.183547,21:07:23.364658843,no,-,-,-,-,5.054470,0.197845,0.676012,2,1,1197,2403,1.250000,1.002500,3300,no
159,SELL,-0.044411,21:07:23.364658843,no,-,-,-,-,4.594973,0.217629,0.676012,2,1,1201,2399,1.250000,0.999100,3300,no
160,SELL,-0.404877,21:07:23.364658843,no,-,-,-,-,4.177248,0.239392,0.676012,2,1,1205,2395,1.250000,0.995800,3300,no
161,SELL,-0.826043,21:07:23.364658843,no,-,-,-,-,3.797498,0.263331,0.676012,2,1,1212,2388,1.250000,0.990000,3300,no
162,SELL,-0.705264,21:07:23.364658843,no,-,-,-,-,3.452271,0.289664,0.676012,2,1,1218,2382,1.250000,0.985200,3300,no
163,SELL,0.110587,21:07:23.364658843,no,-,-,-,-,3.138428,0.318631,0.676012,2,1,1224,2376,1.250000,0.980300,3300,no
164,SELL,0.312779,21:07:23.364658843,no,-,-,-,-,2.853117,0.350494,0.676012,2,1,1230,2370,1.250000,0.975600,3300,no
165,SELL,-0.194535,21:07:23.364658843,no,-,-,-,-,2.593742,0.385543,0.676012,2,1,1233,2367,1.250000,0.973200,3300,no
166,SELL,-0.208409,21:07:23.364658843,no,-,-,-,-,2.357948,0.424098,0.676012,2,1,1237,2363,1.250000,0.970000,3300,no
167,SELL,-0.643879,21:07:23.364658843,no,-,-,-,-,2.143589,0.466507,0.676012,2,1,1241,2359,1.250000,0.966900,3300,no
168,SELL,-0.184479,21:07:23.364658843,no,-,-,-,-,1.948717,0.513158,0.676012,2,1,1247,2353,1.250000,0.962300,3300,no
169,SELL,0.278412,21:07:23.364658843,no,-,-,-,-,1.771561,0.564474,0.676012,2,1,1250,2350,1.250000,0.960000,3300,no
170,SELL,1.496443,21:07:23.364658843,no,-,-,-,-,1.610510,0.620921,0.676012,2,1,1254,2346,1.250000,0.956900,3300,no
171,SELL,-0.419041,21:07:23.364658843,no,-,-,-,-,1.464100,0.683013,0.676012,2,1,1258,2342,1.250000,0.953800,3300,no
172,SELL,0.332355,21:07:23.364658843,no,-,-,-,-,1.331000,0.751315,0.676012,2,1,1263,2337,1.250000,0.950100,3300,no
173,SELL,0.683310,21:07:23.364658843,no,-,-,-,-,1.210000,0.826446,0.676012,2,1,1267,2333,1.250000,0.947100,3300,no
174,SELL,0.559547,21:07:23.364658843,no,-,-,-,-,1.100000,0.909091,0.676012,2,1,1271,2329,1.250000,0.944100,3300,no
175,SELL,0.235758,21:07:23.364658843,no,-,-,-,-,1.000000,1.000000,0.676012,2,1,1275,2325,1.250000,0.941100,3300,no
176,SELL,0.923086,21:07:23.364658843,no,-,-,-,-,0.909091,1.100000,0.676012,2,1,1278,2322,1.250000,0.938900,3300,no
177,SELL,0.006754,21:07:23.364658843,no,-,-,-,-,0.826446,1.210000,0.676012,2,1,1281,2319,1.250000,0.936700,3300,no
178,SELL,-0.282995,21:07:23.364658843,no,-,-,-,-,0.751315,1.331000,0.676012,2,1,1286,2314,1.250000,0.933100,3300,no
179,SELL,0.335162,21:07:23.364658843,no,-,-,-,-,0.683013,1.464100,0.676012,2,1,1290,2310,1.250000,0.930200,3300,no
180,SELL,-0.124621,21:07:23.364658843,no,-,-,-,-,0.620921,1.610510,0.676012,2,1,1296,2304,1.250000,0.925900,3300,no
181,SELL,0.114177,21:07:23.364658843,no,-,-,-,-,0.564474,1.771561,0.676012,2,1,1299,2301,1.250000,0.923700,3300,no
182,SELL,1.127038,21:07:23.364658843,no,-,-,-,-,0.513158,1.948717,0.676012,2,1,1303,2297,1.250000,0.920900,3300,no
183,SELL,0.135233,21:07:23.364658843,no,-,-,-,-,0.466507,2.143589,0.676012,2,1,1308,2292,1.250000,0.917400,3300,no
184,SELL,0.470677,21:07:23.364658843,no,-,-,-,-,0.424098,2.357948,0.676012,2,1,1312,2288,1.250000,0.914600,3300,no
185,SELL,0.410766,21:07:23.364658843,no,-,-,-,-,0.385543,2.593742,0.676012,2,1,1315,2285,1.250000,0.912500,3300,no
186,SELL,0.038876,21:07:23.364658843,no,-,-,-,-,0.350494,2.853117,0.676012,2,1,1319,2281,1.250000,0.909700,3300,no
187,SELL,0.086629,21:07:23.364658843,no,-,-,-,-,0.318631,3.138428,0.676012,2,1,1325,2275,1.250000,0.905600,3300,no
188,SELL,0.445417,21:07:23.364658843,no,-,-,-,-,0.289664,3.452271,0.676012,2,1,1329,2271,1.250000,0.902900,3300,no
189,SELL,0.134543,21:07:23.364658843,no,-,-,-,-,0.263331,3.797498,0.676012,2,1,1334,2266,1.250000,0.899500,3300,no
190,SELL,0.388504,21:07:23.364658843,no,-,-,-,-,0.239392,4.177248,0.676012,2,1,1341,2259,1.250000,0.894800,3300,no
191,SELL,-0.013665,21:07:23.364658843,no,-,-,-,-,0.217629,4.594973,0.676012,2,1,1344,2256,1.250000,0.892800,3300,no
192,SELL,0.060008,21:07:23.364658843,no,-,-,-,-,0.197845,5.054470,0.676012,2,1,1347,2253,1.250000,0.890800,3300,no
193,SELL,-0.187671,21:07:23.364658843,yes,13.500000,bid1,500,00:00:00.000037350,0.179859,5.559917,0.676012,2,1,1351,2249,1.250000,0.888200,3300,no
194,SELL,-0.407099,21:07:23.364658843,yes,13.490000,bid1,600,00:00:00.000035827,0.163508,6.115909,0.676012,2,1,1354,2246,1.250000,0.886200,3300,no
195,SELL,-0.000877,21:07:23.364658843,no,-,-,-,-,0.148644,6.727500,0.676012,2,1,1357,2243,1.250000,0.884300,3300,no
196,SELL,-0.541508,21:07:23.364658843,yes,13.490000,bid1,700,00:00:00.000036698,0.135131,7.400250,0.676012,2,1,1361,2239,1.250000,0.881700,3300,no
197,SELL,-0.209755,21:07:23.364658843,yes,13.480000,bid1,800,00:00:00.000040568,0.122846,8.140275,0.676012,2,1,1364,2236,1.250000,0.879700,3300,no
198,SELL,-0.541404,21:07:23.364658843,yes,13.490000,bid1,800,00:00:00.000036680,0.111678,8.954302,0.676012,2,1,1368,2232,1.250000,0.877100,3300,no
199,SELL,-0.477456,21:07:23.364658843,yes,13.480000,bid1,900,00:00:00.000036443,0.101526,9.849733,0.676012,2,1,1378,2222,1.250000,0.870800,3300,no
200,SELL,-0.548012,21:07:23.364658843,yes,13.490000,bid1,1000,00:00:00.000036472,0.100000,10.000000,0.676012,2,1,1385,2215,1.250000,0.866400,3300,no
201,SELL,0.055191,21:07:23.364658843,no,-,-,-,-,0.100000,10.000000,0.676012,2,1,1427,2173,1.250000,0.840900,3300,no
202,SELL,1.635426,21:07:23.364658843,no,-,-,-,-,0.100000,10.000000,0.676012,2,1,1431,2169,1.250000,0.838500,3300,no
203,SELL,0.446796,21:07:23.364658843,no,-,-,-,-,0.100000,10.000000,0.676012,2,1,1553,2047,1.250000,0.772600,3300,no
204,SELL,0.310372,21:07:23.364658843,no,-,-,-,-,0.100000,10.000000,0.676012,2,1,1558,2042,1.250000,0.770200,3300,no
205,SELL,0.310041,21:07:23.364658843,no,-,-,-,-,0.100000,10.000000,0.676012,2,1,1562,2038,1.250000,0.768200,3300,no
206,SELL,-0.366367,21:07:23.364658843,yes,13.460000,bid1,1000,00:00:00.000037252,0.100000,10.000000,0.676012,2,1,1564,2036,1.250000,0.767200,3300,no
207,SELL,-0.443107,21:07:23.364658843,yes,13.460000,bid1,1000,00:00:00.000051726,0.100000,10.000000,0.676012,2,1,1567,2033,1.250000,0.765700,3300,no
208,SELL,-0.366154,21:07:23.364658843,yes,13.460000,bid1,1000,00:00:00.000038051,0.100000,10.000000,0.676012,2,1,1571,2029,1.250000,0.763800,3300,no
209,SELL,-0.815675,21:07:23.364658843,yes,13.460000,bid1,1000,00:00:00.000037665,0.100000,10.000000,0.676012,2,1,1576,2024,1.250000,0.761400,3300,no
210,SELL,-0.647776,21:07:23.364658843,yes,13.460000,bid1,1000,00:00:00.000036307,0.100000,10.000000,0.676012,2,1,1579,2021,1.250000,0.759900,3300,no
211,SELL,-0.651608,21:07:23.364658843,yes,13.460000,bid1,1000,00:00:00.000035507,0.100000,10.000000,0.676012,2,1,1583,2017,1.250000,0.758000,3300,no
212,SELL,-0.785164,21:07:23.364658843,yes,13.460000,bid1,1000,00:00:00.000037037,0.100000,10.000000,0.676012,2,1,1587,2013,1.250000,0.756100,3300,no
213,SELL,-0.406808,21:07:23.364658843,no,-,-,-,-,0.100000,10.000000,0.676012,2,1,1592,2008,1.250000,0.753700,3300,no
214,SELL,-0.463809,21:07:23.364658843,no,-,-,-,-,0.100000,10.000000,0.676012,2,1,1620,1980,1.250000,0.740700,3300,no
215,SELL,-0.475971,21:07:23.364658843,no,-,-,-,-,0.100000,10.000000,0.676012,2,1,1626,1974,1.250000,0.738000,3300,no
216,SELL,-0.375481,21:07:23.364658843,no,-,-,-,-,0.100000,10.000000,0.676012,2,1,1667,1933,1.250000,0.719800,3300,no
217,SELL,2.169346,21:07:23.364658843,no,-,-,-,-,0.100000,10.000000,0.676012,2,1,4926,-1326,1.250000,0.243600,3300,yes
218,SELL,0.339740,21:07:23.364658843,no,-,-,-,-,0.100000,10.000000,0.676012,2,1,4929,-1329,1.250000,0.243400,3300,yes
219,SELL,1.903292,21:07:23.364658843,no,-,-,-,-,0.100000,10.000000,0.676012,2,1,4934,-1334,1.250000,0.243200,3300,yes
220,SELL,1.744196,21:07:23.364658843,no,-,-,-,-,0.100000,10.000000,0.676012,2,1,4937,-1337,1.250000,0.243000,3300,yes
221,SELL,1.254561,21:07:23.364658843,no,-,-,-,-,0.100000,10.000000,0.676012,2,1,4941,-1341,1.250000,0.242800,3300,yes
222,SELL,1.435407,21:07:23.364658843,no,-,-,-,-,0.100000,10.000000,0.676012,2,1,4946,-1346,1.250000,0.242600,3300,yes
223,SELL,2.073236,21:07:23.364658843,no,-,-,-,-,0.100000,10.000000,0.676012,2,1,4948,-1348,1.250000,0.242500,3300,yes
224,SELL,1.716572,21:07:23.364658843,no,-,-,-,-,0.100000,10.000000,0.676012,2,1,4953,-1353,1.250000,0.242200,3300,yes
225,SELL,0.321002,21:07:23.364658843,no,-,-,-,-,0.100000,10.000000,0.676012,2,1,4957,-1357,1.250000,0.242000,3300,yes
226,SELL,-0.000036,21:07:23.364658843,no,-,-,-,-,0.100000,10.000000,0.676012,2,1,4960,-1360,1.250000,0.241900,3300,yes
227,SELL,1.606457,21:07:23.364658843,no,-,-,-,-,0.100000,10.000000,0.676012,2,1,4964,-1364,1.250000,0.241700,3300,yes
228,SELL,1.289387,21:07:23.364658843,no,-,-,-,-,0.100000,10.000000,0.676012,2,1,4967,-1367,1.250000,0.241500,3300,yes
229,SELL,2.116651,21:07:23.364658843,no,-,-,-,-,0.100000,10.000000,0.676012,2,1,4971,-1371,1.250000,0.241400,3300,yes
230,SELL,1.310410,21:07:23.364658843,no,-,-,-,-,0.100000,10.000000,0.676012,2,1,4976,-1376,1.250000,0.241100,3300,yes
231,SELL,1.748084,21:07:23.364658843,no,-,-,-,-,0.100000,10.000000,0.676012,2,1,4980,-1380,1.250000,0.240900,3300,yes
232,SELL,0.831651,21:07:23.364658843,no,-,-,-,-,0.100000,10.000000,0.676012,2,1,4984,-1384,1.250000,0.240700,3300,yes
233,SELL,-0.594101,21:07:23.364658843,no,-,-,-,-,0.100000,10.000000,0.676012,2,1,4990,-1390,1.250000,0.240400,3300,yes
234,SELL,-0.063567,21:07:23.364658843,no,-,-,-,-,0.100000,10.000000,0.676012,2,1,4993,-1393,1.250000,0.240300,3300,yes
235,SELL,0.003569,21:07:23.364658843,no,-,-,-,-,0.100000,10.000000,0.676012,2,1,4997,-1397,1.250000,0.240100,3300,yes
236,SELL,0.374470,21:07:23.364658843,no,-,-,-,-,0.100000,10.000000,0.676012,2,1,5003,-1403,1.250000,0.239800,3300,yes
237,SELL,1.116055,21:07:23.364658843,no,-,-,-,-,0.100000,10.000000,0.676012,2,1,5006,-1406,1.250000,0.239700,3300,yes
238,SELL,2.681884,21:07:23.364658843,no,-,-,-,-,0.100000,10.000000,0.676012,2,1,5035,-1435,1.250000,0.238300,3300,yes
239,SELL,2.646701,21:07:23.364658843,no,-,-,-,-,0.100000,10.000000,0.676012,2,1,5037,-1437,1.250000,0.238200,3300,yes
240,SELL,-0.264048,21:07:23.364658843,no,-,-,-,-,0.100000,10.000000,0.676012,2,1,5040,-1440,1.250000,0.238000,3300,yes
241,SELL,-0.370736,21:07:23.364658843,no,-,-,-,-,0.100000,10.000000,0.676012,2,1,5045,-1445,1.250000,0.237800,3300,yes
