轮数,方向,预测值,算法开始时间,是否下单,下单价格,档位,下单量,下单耗时(从预测到下单),r1,r2,std,freq,qty_scalar,经过时间,剩余时间,目标速度,实际速度,剩余量,是否为最后一轮
1,SELL,1.478514,21:07:23.362988000,no,-,-,-,-,0.909091,1.100000,0.710620,2,1,332,3268,3.750000,0.000000,13500,no
2,SELL,2.312521,21:07:23.362988000,no,-,-,-,-,0.826446,1.210000,0.710620,2,1,335,3265,3.750000,0.000000,13500,no
3,SELL,1.945730,21:07:23.362988000,no,-,-,-,-,0.751315,1.331000,0.710620,2,1,339,3261,3.750000,0.000000,13500,no
4,SELL,1.105668,21:07:23.362988000,no,-,-,-,-,0.683013,1.464100,0.710620,2,1,343,3257,3.750000,0.000000,13500,no
5,SELL,1.041739,21:07:23.362988000,no,-,-,-,-,0.620921,1.610510,0.710620,2,1,347,3253,3.750000,0.000000,13500,no
6,SELL,1.535564,21:07:23.362988000,no,-,-,-,-,0.564474,1.771561,0.710620,2,1,350,3250,3.750000,0.000000,13500,no
7,SELL,1.169243,21:07:23.362988000,no,-,-,-,-,0.513158,1.948717,0.710620,2,1,355,3245,3.750000,0.000000,13500,no
8,SELL,0.583670,21:07:23.362988000,no,-,-,-,-,0.466507,2.143589,0.710620,2,1,359,3241,3.750000,0.000000,13500,no
9,SELL,-0.847363,21:07:23.362988000,yes,9.799900,bid1,200,00:00:00.000036574,0.424098,2.357948,0.710620,2,1,362,3238,3.750000,0.552400,13300,no
10,SELL,-1.097685,21:07:23.362988000,yes,9.789900,bid1,200,00:00:00.000039223,0.385543,2.593742,0.710620,2,1,366,3234,3.750000,1.092800,13100,no
11,SELL,-0.790259,21:07:23.362988000,yes,9.789900,bid1,200,00:00:00.000037853,0.350494,2.853117,0.710620,2,1,369,3231,3.750000,1.626000,12900,no
12,SELL,1.388126,21:07:23.362988000,no,-,-,-,-,0.318631,3.138428,0.710620,2,1,372,3228,3.750000,1.612900,12900,no
13,SELL,0.335446,21:07:23.362988000,no,-,-,-,-,0.289664,3.452271,0.710620,2,1,376,3224,3.750000,1.595700,12900,no
14,SELL,-0.390140,21:07:23.362988000,yes,9.799900,bid1,300,00:00:00.000036892,0.263331,3.797498,0.710620,2,1,380,3220,3.750000,2.368400,12600,no
15,SELL,-0.290572,21:07:23.362988000,yes,9.780000,bid1,400,00:00:00.000047495,0.239392,4.177248,0.710620,2,1,383,3217,3.750000,3.394200,12200,no
16,SELL,0.652791,21:07:23.362988000,no,-,-,-,-,0.217629,4.594973,0.710620,2,1,386,3214,3.750000,3.367800,12200,no
17,SELL,0.763154,21:07:23.362988000,no,-,-,-,-,0.197845,5.054470,0.710620,2,1,392,3208,3.750000,3.316300,12200,no
18,SELL,-0.695002,21:07:23.362988000,yes,9.780000,bid1,500,00:00:00.000034832,0.179859,5.559917,0.710620,2,1,396,3204,3.750000,4.545400,11700,no
19,SELL,0.722375,21:07:23.362988000,no,-,-,-,-,0.179859,5.559917,0.710620,2,1,398,3202,3.750000,4.522600,11700,no
20,SELL,0.139770,21:07:23.362988000,no,-,-,-,-,0.179859,5.559917,0.710620,2,1,402,3198,3.750000,4.477600,11700,no
21,SELL,-0.126345,21:07:23.362988000,no,-,-,-,-,0.179859,5.559917,0.710620,2,1,406,3194,3.750000,4.433400,11700,no
22,SELL,-0.057050,21:07:23.362988000,no,-,-,-,-,0.179859,5.559917,0.710620,2,1,409,3191,3.750000,4.400900,11700,no
23,SELL,0.195081,21:07:23.362988000,no,-,-,-,-,0.179859,5.559917,0.710620,2,1,412,3188,3.750000,4.368900,11700,no
24,SELL,0.751516,21:07:23.362988000,no,-,-,-,-,0.179859,5.559917,0.710620,2,1,416,3184,3.750000,4.326900,11700,no
25,SELL,1.015908,21:07:23.362988000,no,-,-,-,-,0.179859,5.559917,0.710620,2,1,421,3179,3.750000,4.275500,11700,no
26,SELL,0.597054,21:07:23.362988000,no,-,-,-,-,0.179859,5.559917,0.710620,2,1,426,3174,3.750000,4.225300,11700,no
27,SELL,1.388752,21:07:23.362988000,no,-,-,-,-,0.179859,5.559917,0.710620,2,1,431,3169,3.750000,4.176300,11700,no
28,SELL,0.499712,21:07:23.362988000,no,-,-,-,-,0.179859,5.559917,0.710620,2,1,436,3164,3.750000,4.128400,11700,no
29,SELL,0.500894,21:07:23.362988000,no,-,-,-,-,0.179859,5.559917,0.710620,2,1,440,3160,3.750000,4.090900,11700,no
30,SELL,0.421110,21:07:23.362988000,no,-,-,-,-,0.179859,5.559917,0.710620,2,1,444,3156,3.750000,4.054000,11700,no
31,SELL,0.538634,21:07:23.362988000,no,-,-,-,-,0.179859,5.559917,0.710620,2,1,447,3153,3.750000,4.026800,11700,no
32,SELL,1.382045,21:07:23.362988000,no,-,-,-,-,0.179859,5.559917,0.710620,2,1,451,3149,3.750000,3.991100,11700,no
33,SELL,0.804896,21:07:23.362988000,no,-,-,-,-,0.179859,5.559917,0.710620,2,1,456,3144,3.750000,3.947300,11700,no
34,SELL,1.556640,21:07:23.362988000,no,-,-,-,-,0.179859,5.559917,0.710620,2,1,459,3141,3.750000,3.921500,11700,no
35,SELL,2.559561,21:07:23.362988000,no,-,-,-,-,0.179859,5.559917,0.710620,2,1,464,3136,3.750000,3.879300,11700,no
36,SELL,4.079195,21:07:23.362988000,no,-,-,-,-,0.179859,5.559917,0.710620,2,1,466,3134,3.750000,3.862600,11700,no
37,SELL,3.616140,21:07:23.362988000,no,-,-,-,-,0.179859,5.559917,0.710620,2,1,470,3130,3.750000,3.829700,11700,no
38,SELL,1.996439,21:07:23.362988000,no,-,-,-,-,0.179859,5.559917,0.710620,2,1,474,3126,3.750000,3.797400,11700,no
39,SELL,0.920218,21:07:23.362988000,no,-,-,-,-,0.179859,5.559917,0.710620,2,1,478,3122,3.750000,3.765600,11700,no
40,SELL,1.501920,21:07:23.362988000,no,-,-,-,-,0.163508,6.115909,0.710620,2,1,482,3118,3.750000,3.734400,11700,no
41,SELL,2.392924,21:07:23.362988000,no,-,-,-,-,0.148644,6.727500,0.710620,2,1,486,3114,3.750000,3.703700,11700,no
42,SELL,1.110456,21:07:23.362988000,no,-,-,-,-,0.135131,7.400250,0.710620,2,1,489,3111,3.750000,3.680900,11700,no
43,SELL,1.433662,21:07:23.362988000,no,-,-,-,-,0.122846,8.140275,0.710620,2,1,494,3106,3.750000,3.643700,11700,no
44,SELL,1.644237,21:07:23.362988000,no,-,-,-,-,0.111678,8.954302,0.710620,2,1,500,3100,3.750000,3.600000,11700,no
45,SELL,-0.707278,21:07:23.362988000,yes,9.730000,bid1,900,00:00:00.000044480,0.101526,9.849733,0.710620,2,1,504,3096,3.750000,5.357100,10800,no
46,SELL,-0.091296,21:07:23.362988000,yes,9.730000,bid1,900,00:00:00.000053141,0.101526,9.849733,0.710620,2,1,508,3092,3.750000,7.086600,9900,no
47,SELL,1.210363,21:07:23.362988000,no,-,-,-,-,0.101526,9.849733,0.710620,2,1,512,3088,3.750000,7.031200,9900,no
48,SELL,-0.350983,21:07:23.362988000,yes,9.730000,bid1,900,00:00:00.000058730,0.101526,9.849733,0.710620,2,1,517,3083,3.750000,8.704000,9000,no
49,SELL,-0.287699,21:07:23.362988000,yes,9.730000,bid1,800,00:00:00.000038370,0.111678,8.954302,0.710620,2,1,521,3079,3.750000,10.172700,8200,no
50,SELL,-0.222902,21:07:23.362988000,yes,9.730000,bid1,800,00:00:00.000036282,0.122846,8.140275,0.710620,2,1,526,3074,3.750000,11.596900,7400,no
51,SELL,0.269292,21:07:23.362988000,no,-,-,-,-,0.135131,7.400250,0.710620,2,1,529,3071,3.750000,11.531100,7400,no
52,SELL,-0.788418,21:07:23.362988000,yes,9.740000,bid1,600,00:00:00.000039388,0.148644,6.727500,0.710620,2,1,534,3066,3.750000,12.546800,6800,no
53,SELL,-0.449784,21:07:23.362988000,yes,9.730000,bid1,600,00:00:00.000037625,0.163508,6.115909,0.710620,2,1,538,3062,3.750000,13.568700,6200,no
54,SELL,-0.533986,21:07:23.362988000,yes,9.730000,bid1,500,00:00:00.000038654,0.179859,5.559917,0.710620,2,1,544,3056,3.750000,14.338200,5700,no
55,SELL,-1.230525,21:07:23.362988000,yes,9.730000,bid1,500,00:00:00.000036612,0.197845,5.054470,0.710620,2,1,552,3048,3.750000,15.036200,5200,no
56,SELL,-0.989310,21:07:23.362988000,yes,9.730000,bid1,400,00:00:00.000045768,0.217629,4.594973,0.710620,2,1,556,3044,3.750000,15.647400,4800,no
57,SELL,-0.462821,21:07:23.362988000,yes,9.730000,bid1,400,00:00:00.000039108,0.239392,4.177248,0.710620,2,1,561,3039,3.750000,16.221000,4400,no
58,SELL,0.390278,21:07:23.362988000,no,-,-,-,-,0.263331,3.797498,0.710620,2,1,566,3034,3.750000,16.077700,4400,no
59,SELL,0.400822,21:07:23.362988000,no,-,-,-,-,0.289664,3.452271,0.710620,2,1,570,3030,3.750000,15.964900,4400,no
60,SELL,0.053739,21:07:23.362988000,no,-,-,-,-,0.318631,3.138428,0.710620,2,1,575,3025,3.750000,15.826000,4400,no
61,SELL,0.749662,21:07:23.362988000,no,-,-,-,-,0.350494,2.853117,0.710620,2,1,578,3022,3.750000,15.743900,4400,no
62,SELL,1.019869,21:07:23.362988000,no,-,-,-,-,0.385543,2.593742,0.710620,2,1,583,3017,3.750000,15.608900,4400,no
63,SELL,0.973451,21:07:23.362988000,no,-,-,-,-,0.424098,2.357948,0.710620,2,1,586,3014,3.750000,15.529000,4400,no
64,SELL,1.152790,21:07:23.362988000,no,-,-,-,-,0.466507,2.143589,0.710620,2,1,590,3010,3.750000,15.423700,4400,no
65,SELL,0.464452,21:07:23.362988000,no,-,-,-,-,0.513158,1.948717,0.710620,2,1,594,3006,3.750000,15.319800,4400,no
66,SELL,0.341840,21:07:23.362988000,no,-,-,-,-,0.564474,1.771561,0.710620,2,1,599,3001,3.750000,15.191900,4400,no
67,SELL,-0.006081,21:07:23.362988000,no,-,-,-,-,0.620921,1.610510,0.710620,2,1,604,2996,3.750000,15.066200,4400,no
68,SELL,-0.050644,21:07:23.362988000,no,-,-,-,-,0.683013,1.464100,0.710620,2,1,606,2994,3.750000,15.016500,4400,no
69,SELL,-0.370706,21:07:23.362988000,no,-,-,-,-,0.751315,1.331000,0.710620,2,1,610,2990,3.750000,14.918000,4400,no
70,SELL,-0.253755,21:07:23.362988000,no,-,-,-,-,0.826446,1.210000,0.710620,2,1,613,2987,3.750000,14.845000,4400,no
71,SELL,0.508637,21:07:23.362988000,no,-,-,-,-,0.909091,1.100000,0.710620,2,1,617,2983,3.750000,14.748700,4400,no
72,SELL,-0.301999,21:07:23.362988000,no,-,-,-,-,1.000000,1.000000,0.710620,2,1,620,2980,3.750000,14.677400,4400,no
73,SELL,0.379237,21:07:23.362988000,no,-,-,-,-,1.100000,0.909091,0.710620,2,1,624,2976,3.750000,14.583300,4400,no
74,SELL,-0.197974,21:07:23.362988000,no,-,-,-,-,1.210000,0.826446,0.710620,2,1,629,2971,3.750000,14.467400,4400,no
75,SELL,-0.299203,21:07:23.362988000,no,-,-,-,-,1.331000,0.751315,0.710620,2,1,633,2967,3.750000,14.375900,4400,no
76,SELL,-0.219538,21:07:23.362988000,no,-,-,-,-,1.464100,0.683013,0.710620,2,1,637,2963,3.750000,14.285700,4400,no
77,SELL,-0.446471,21:07:23.362988000,no,-,-,-,-,1.610510,0.620921,0.710620,2,1,640,2960,3.750000,14.218700,4400,no
78,SELL,-0.574495,21:07:23.362988000,no,-,-,-,-,1.771561,0.564474,0.710620,2,1,642,2958,3.750000,14.174400,4400,no
79,SELL,-0.653620,21:07:23.362988000,no,-,-,-,-,1.948717,0.513158,0.710620,2,1,644,2956,3.750000,14.130400,4400,no
80,SELL,-0.081593,21:07:23.362988000,no,-,-,-,-,2.143589,0.466507,0.710620,2,1,648,2952,3.750000,14.043200,4400,no
81,SELL,0.025779,21:07:23.362988000,no,-,-,-,-,2.357948,0.424098,0.710620,2,1,651,2949,3.750000,13.978400,4400,no
82,SELL,-0.619978,21:07:23.362988000,no,-,-,-,-,2.593742,0.385543,0.710620,2,1,654,2946,3.750000,13.914300,4400,no
83,SELL,0.522943,21:07:23.362988000,no,-,-,-,-,2.853117,0.350494,0.710620,2,1,658,2942,3.750000,13.829700,4400,no
84,SELL,1.030827,21:07:23.362988000,no,-,-,-,-,3.138428,0.318631,0.710620,2,1,662,2938,3.750000,13.746200,4400,no
85,SELL,-0.268333,21:07:23.362988000,no,-,-,-,-,3.452271,0.289664,0.710620,2,1,667,2933,3.750000,13.643100,4400,no
86,SELL,0.830733,21:07:23.362988000,no,-,-,-,-,3.797498,0.263331,0.710620,2,1,669,2931,3.750000,13.602300,4400,no
87,SELL,0.972778,21:07:23.362988000,no,-,-,-,-,4.177248,0.239392,0.710620,2,1,673,2927,3.750000,13.521500,4400,no
88,SELL,0.735124,21:07:23.362988000,no,-,-,-,-,4.594973,0.217629,0.710620,2,1,676,2924,3.750000,13.461500,4400,no
89,SELL,-0.097151,21:07:23.362988000,no,-,-,-,-,5.054470,0.197845,0.710620,2,1,680,2920,3.750000,13.382300,4400,no
90,SELL,0.229863,21:07:23.362988000,no,-,-,-,-,5.559917,0.179859,0.710620,2,1,683,2917,3.750000,13.323500,4400,no
91,SELL,0.335408,21:07:23.362988000,no,-,-,-,-,6.115909,0.163508,0.710620,2,1,686,2914,3.750000,13.265300,4400,no
92,SELL,0.485700,21:07:23.362988000,no,-,-,-,-,6.727500,0.148644,0.710620,2,1,690,2910,3.750000,13.188400,4400,no
93,SELL,0.645285,21:07:23.362988000,no,-,-,-,-,7.400250,0.135131,0.710620,2,1,693,2907,3.750000,13.131300,4400,no
94,SELL,0.785138,21:07:23.362988000,no,-,-,-,-,8.140275,0.122846,0.710620,2,1,697,2903,3.750000,13.055900,4400,no
95,SELL,0.774992,21:07:23.362988000,no,-,-,-,-,8.954302,0.111678,0.710620,2,1,701,2899,3.750000,12.981400,4400,no
96,SELL,0.012124,21:07:23.362988000,no,-,-,-,-,9.849733,0.101526,0.710620,2,1,705,2895,3.750000,12.907800,4400,no
97,SELL,1.137973,21:07:23.362988000,no,-,-,-,-,10.000000,0.100000,0.710620,2,1,706,2894,3.750000,12.889500,4400,no
98,SELL,-1.132752,21:07:23.362988000,no,-,-,-,-,10.000000,0.100000,0.710620,2,1,710,2890,3.750000,12.816900,4400,no
99,SELL,-1.059595,21:07:23.362988000,no,-,-,-,-,10.000000,0.100000,0.710620,2,1,714,2886,3.750000,12.745000,4400,no
100,SELL,0.375464,21:07:23.362988000,no,-,-,-,-,10.000000,0.100000,0.710620,2,1,716,2884,3.750000,12.709400,4400,no
101,SELL,0.168174,21:07:23.362988000,no,-,-,-,-,10.000000,0.100000,0.710620,2,1,718,2882,3.750000,12.674000,4400,no
102,SELL,0.679637,21:07:23.362988000,no,-,-,-,-,10.000000,0.100000,0.710620,2,1,722,2878,3.750000,12.603800,4400,no
103,SELL,-0.130836,21:07:23.362988000,no,-,-,-,-,10.000000,0.100000,0.710620,2,1,725,2875,3.750000,12.551700,4400,no
104,SELL,1.562326,21:07:23.362988000,no,-,-,-,-,10.000000,0.100000,0.710620,2,1,729,2871,3.750000,12.482800,4400,no
105,SELL,0.866961,21:07:23.362988000,no,-,-,-,-,10.000000,0.100000,0.710620,2,1,732,2868,3.750000,12.431600,4400,no
106,SELL,1.296770,21:07:23.362988000,no,-,-,-,-,10.000000,0.100000,0.710620,2,1,738,2862,3.750000,12.330600,4400,no
107,SELL,0.612992,21:07:23.362988000,no,-,-,-,-,10.000000,0.100000,0.710620,2,1,742,2858,3.750000,12.264100,4400,no
108,SELL,0.202312,21:07:23.362988000,no,-,-,-,-,10.000000,0.100000,0.710620,2,1,749,2851,3.750000,12.149500,4400,no
109,SELL,-0.005681,21:07:23.362988000,no,-,-,-,-,10.000000,0.100000,0.710620,2,1,755,2845,3.750000,12.052900,4400,no
110,SELL,-0.518002,21:07:23.362988000,no,-,-,-,-,10.000000,0.100000,0.710620,2,1,759,2841,3.750000,11.989400,4400,no
111,SELL,-0.501209,21:07:23.362988000,no,-,-,-,-,10.000000,0.100000,0.710620,2,1,763,2837,3.750000,11.926600,4400,no
112,SELL,-0.140964,21:07:23.362988000,no,-,-,-,-,10.000000,0.100000,0.710620,2,1,766,2834,3.750000,11.879800,4400,no
113,SELL,-0.158235,21:07:23.362988000,no,-,-,-,-,10.000000,0.100000,0.710620,2,1,770,2830,3.750000,11.818100,4400,no
114,SELL,-0.449931,21:07:23.362988000,no,-,-,-,-,10.000000,0.100000,0.710620,2,1,773,2827,3.750000,11.772300,4400,no
115,SELL,-0.527885,21:07:23.362988000,no,-,-,-,-,10.000000,0.100000,0.710620,2,1,776,2824,3.750000,11.726800,4400,no
116,SELL,-0.278215,21:07:23.362988000,no,-,-,-,-,10.000000,0.100000,0.710620,2,1,781,2819,3.750000,11.651700,4400,no
117,SELL,-0.763428,21:07:23.362988000,no,-,-,-,-,10.000000,0.100000,0.710620,2,1,784,2816,3.750000,11.607100,4400,no
118,SELL,-0.616331,21:07:23.362988000,no,-,-,-,-,10.000000,0.100000,0.710620,2,1,786,2814,3.750000,11.577600,4400,no
119,SELL,-0.720472,21:07:23.362988000,no,-,-,-,-,10.000000,0.100000,0.710620,2,1,789,2811,3.750000,11.533500,4400,no
120,SELL,-0.352320,21:07:23.362988000,no,-,-,-,-,10.000000,0.100000,0.710620,2,1,792,2808,3.750000,11.489800,4400,no
121,SELL,-1.029615,21:07:23.362988000,no,-,-,-,-,10.000000,0.100000,0.710620,2,1,795,2805,3.750000,11.446500,4400,no
122,SELL,0.004658,21:07:23.362988000,no,-,-,-,-,10.000000,0.100000,0.710620,2,1,798,2802,3.750000,11.403500,4400,no
123,SELL,-0.551938,21:07:23.362988000,no,-,-,-,-,10.000000,0.100000,0.710620,2,1,802,2798,3.750000,11.346600,4400,no
124,SELL,-0.545081,21:07:23.362988000,no,-,-,-,-,10.000000,0.100000,0.710620,2,1,806,2794,3.750000,11.290300,4400,no
125,SELL,-0.904863,21:07:23.362988000,no,-,-,-,-,10.000000,0.100000,0.710620,2,1,810,2790,3.750000,11.234500,4400,no
126,SELL,-0.793802,21:07:23.362988000,no,-,-,-,-,10.000000,0.100000,0.710620,2,1,813,2787,3.750000,11.193100,4400,no
127,SELL,-1.496179,21:07:23.362988000,no,-,-,-,-,10.000000,0.100000,0.710620,2,1,817,2783,3.750000,11.138300,4400,no
128,SELL,-0.871545,21:07:23.362988000,no,-,-,-,-,10.000000,0.100000,0.710620,2,1,821,2779,3.750000,11.084000,4400,no
129,SELL,-0.270807,21:07:23.362988000,no,-,-,-,-,10.000000,0.100000,0.710620,2,1,825,2775,3.750000,11.030300,4400,no
130,SELL,-0.238239,21:07:23.362988000,no,-,-,-,-,10.000000,0.100000,0.710620,2,1,828,2772,3.750000,10.990300,4400,no
131,SELL,0.947549,21:07:23.362988000,no,-,-,-,-,10.000000,0.100000,0.710620,2,1,831,2769,3.750000,10.950600,4400,no
132,SELL,0.256681,21:07:23.362988000,no,-,-,-,-,10.000000,0.100000,0.710620,2,1,835,2765,3.750000,10.898200,4400,no
133,SELL,-0.429543,21:07:23.362988000,no,-,-,-,-,10.000000,0.100000,0.710620,2,1,837,2763,3.750000,10.872100,4400,no
134,SELL,0.152811,21:07:23.362988000,no,-,-,-,-,10.000000,0.100000,0.710620,2,1,841,2759,3.750000,10.820400,4400,no
135,SELL,-0.268776,21:07:23.362988000,no,-,-,-,-,10.000000,0.100000,0.710620,2,1,843,2757,3.750000,10.794700,4400,no
136,SELL,0.212097,21:07:23.362988000,no,-,-,-,-,10.000000,0.100000,0.710620,2,1,848,2752,3.750000,10.731100,4400,no
137,SELL,-0.236868,21:07:23.362988000,no,-,-,-,-,10.000000,0.100000,0.710620,2,1,850,2750,3.750000,10.705800,4400,no
138,SELL,0.268896,21:07:23.362988000,no,-,-,-,-,10.000000,0.100000,0.710620,2,1,854,2746,3.750000,10.655700,4400,no
139,SELL,0.867449,21:07:23.362988000,no,-,-,-,-,10.000000,0.100000,0.710620,2,1,858,2742,3.750000,10.606000,4400,no
140,SELL,0.903608,21:07:23.362988000,no,-,-,-,-,10.000000,0.100000,0.710620,2,1,860,2740,3.750000,10.581300,4400,no
141,SELL,0.760219,21:07:23.362988000,no,-,-,-,-,10.000000,0.100000,0.710620,2,1,863,2737,3.750000,10.544600,4400,no
142,SELL,1.085586,21:07:23.362988000,no,-,-,-,-,10.000000,0.100000,0.710620,2,1,867,2733,3.750000,10.495900,4400,no
143,SELL,1.159279,21:07:23.362988000,no,-,-,-,-,10.000000,0.100000,0.710620,2,1,870,2730,3.750000,10.459700,4400,no
144,SELL,-1.336214,21:07:23.362988000,no,-,-,-,-,10.000000,0.100000,0.710620,2,1,875,2725,3.750000,10.400000,4400,no
145,SELL,0.212783,21:07:23.362988000,no,-,-,-,-,10.000000,0.100000,0.710620,2,1,877,2723,3.750000,10.376200,4400,no
146,SELL,-0.210238,21:07:23.362988000,no,-,-,-,-,10.000000,0.100000,0.710620,2,1,881,2719,3.750000,10.329100,4400,no
147,SELL,1.227688,21:07:23.362988000,no,-,-,-,-,10.000000,0.100000,0.710620,2,1,884,2716,3.750000,10.294100,4400,no
148,SELL,1.151907,21:07:23.362988000,no,-,-,-,-,10.000000,0.100000,0.710620,2,1,887,2713,3.750000,10.259300,4400,no
149,SELL,1.074138,21:07:23.362988000,no,-,-,-,-,10.000000,0.100000,0.710620,2,1,892,2708,3.750000,10.201700,4400,no
150,SELL,1.246306,21:07:23.362988000,no,-,-,-,-,10.000000,0.100000,0.710620,2,1,895,2705,3.750000,10.167500,4400,no
151,SELL,1.657947,21:07:23.362988000,no,-,-,-,-,10.000000,0.100000,0.710620,2,1,898,2702,3.750000,10.133600,4400,no
152,SELL,0.881552,21:07:23.362988000,no,-,-,-,-,10.000000,0.100000,0.710620,2,1,902,2698,3.750000,10.088600,4400,no
153,SELL,1.439638,21:07:23.362988000,no,-,-,-,-,10.000000,0.100000,0.710620,2,1,904,2696,3.750000,10.066300,4400,no
154,SELL,1.045418,21:07:23.362988000,no,-,-,-,-,10.000000,0.100000,0.710620,2,1,907,2693,3.750000,10.033000,4400,no
155,SELL,1.079971,21:07:23.362988000,no,-,-,-,-,10.000000,0.100000,0.710620,2,1,909,2691,3.750000,10.011000,4400,no
156,SELL,-2.791880,21:07:23.362988000,no,-,-,-,-,10.000000,0.100000,0.710620,2,1,1189,2411,3.750000,7.653400,4400,no
157,SELL,-2.256979,21:07:23.362988000,no,-,-,-,-,10.000000,0.100000,0.710620,2,1,1193,2407,3.750000,7.627800,4400,no
158,SELL,-2.145739,21:07:23.362988000,no,-,-,-,-,10.000000,0.100000,0.710620,2,1,1197,2403,3.750000,7.602300,4400,no
159,SELL,-1.923738,21:07:23.362988000,no,-,-,-,-,10.000000,0.100000,0.710620,2,1,1201,2399,3.750000,7.577000,4400,no
160,SELL,-2.521789,21:07:23.362988000,no,-,-,-,-,10.000000,0.100000,0.710620,2,1,1205,2395,3.750000,7.551800,4400,no
161,SELL,-1.910584,21:07:23.362988000,no,-,-,-,-,10.000000,0.100000,0.710620,2,1,1212,2388,3.750000,7.508200,4400,no
162,SELL,-4.178806,21:07:23.362988000,no,-,-,-,-,10.000000,0.100000,0.710620,2,1,1218,2382,3.750000,7.471200,4400,no
163,SELL,-3.189176,21:07:23.362988000,no,-,-,-,-,10.000000,0.100000,0.710620,2,1,1224,2376,3.750000,7.434600,4400,no
164,SELL,-2.944709,21:07:23.362988000,no,-,-,-,-,10.000000,0.100000,0.710620,2,1,1230,2370,3.750000,7.398300,4400,no
165,SELL,-1.814080,21:07:23.362988000,no,-,-,-,-,10.000000,0.100000,0.710620,2,1,1233,2367,3.750000,7.380300,4400,no
166,SELL,-2.864812,21:07:23.362988000,no,-,-,-,-,10.000000,0.100000,0.710620,2,1,1237,2363,3.750000,7.356500,4400,no
167,SELL,-1.801580,21:07:23.362988000,no,-,-,-,-,10.000000,0.100000,0.710620,2,1,1242,2358,3.750000,7.326800,4400,no
168,SELL,-2.806633,21:07:23.362988000,no,-,-,-,-,10.000000,0.100000,0.710620,2,1,1247,2353,3.750000,7.297500,4400,no
169,SELL,-3.185868,21:07:23.362988000,no,-,-,-,-,10.000000,0.100000,0.710620,2,1,1251,2349,3.750000,7.274100,4400,no
170,SELL,-1.040146,21:07:23.362988000,no,-,-,-,-,10.000000,0.100000,0.710620,2,1,1254,2346,3.750000,7.256700,4400,no
171,SELL,-0.123939,21:07:23.362988000,no,-,-,-,-,10.000000,0.100000,0.710620,2,1,1258,2342,3.750000,7.233700,4400,no
172,SELL,-0.381926,21:07:23.362988000,no,-,-,-,-,10.000000,0.100000,0.710620,2,1,1263,2337,3.750000,7.205000,4400,no
173,SELL,1.560323,21:07:23.362988000,no,-,-,-,-,10.000000,0.100000,0.710620,2,1,1267,2333,3.750000,7.182300,4400,no
174,SELL,1.281837,21:07:23.362988000,no,-,-,-,-,10.000000,0.100000,0.710620,2,1,1271,2329,3.750000,7.159700,4400,no
175,SELL,0.668154,21:07:23.362988000,no,-,-,-,-,10.000000,0.100000,0.710620,2,1,1275,2325,3.750000,7.137200,4400,no
176,SELL,-0.105464,21:07:23.362988000,no,-,-,-,-,10.000000,0.100000,0.710620,2,1,1278,2322,3.750000,7.120500,4400,no
177,SELL,0.366851,21:07:23.362988000,no,-,-,-,-,10.000000,0.100000,0.710620,2,1,1282,2318,3.750000,7.098200,4400,no
178,SELL,0.328586,21:07:23.362988000,no,-,-,-,-,10.000000,0.100000,0.710620,2,1,1286,2314,3.750000,7.076200,4400,no
179,SELL,-0.200854,21:07:23.362988000,no,-,-,-,-,10.000000,0.100000,0.710620,2,1,1290,2310,3.750000,7.054200,4400,no
180,SELL,-0.378753,21:07:23.362988000,no,-,-,-,-,10.000000,0.100000,0.710620,2,1,1296,2304,3.750000,7.021600,4400,no
181,SELL,-0.282255,21:07:23.362988000,no,-,-,-,-,10.000000,0.100000,0.710620,2,1,1299,2301,3.750000,7.005300,4400,no
182,SELL,-0.635204,21:07:23.362988000,no,-,-,-,-,10.000000,0.100000,0.710620,2,1,1303,2297,3.750000,6.983800,4400,no
183,SELL,-1.875614,21:07:23.362988000,no,-,-,-,-,10.000000,0.100000,0.710620,2,1,1308,2292,3.750000,6.957100,4400,no
184,SELL,0.268658,21:07:23.362988000,no,-,-,-,-,10.000000,0.100000,0.710620,2,1,1312,2288,3.750000,6.935900,4400,no
185,SELL,0.011305,21:07:23.362988000,no,-,-,-,-,10.000000,0.100000,0.710620,2,1,1315,2285,3.750000,6.920100,4400,no
186,SELL,-0.062552,21:07:23.362988000,no,-,-,-,-,10.000000,0.100000,0.710620,2,1,1319,2281,3.750000,6.899100,4400,no
187,SELL,2.005189,21:07:23.362988000,no,-,-,-,-,10.000000,0.100000,0.710620,2,1,1325,2275,3.750000,6.867900,4400,no
188,SELL,0.102450,21:07:23.362988000,no,-,-,-,-,10.000000,0.100000,0.710620,2,1,1329,2271,3.750000,6.847200,4400,no
189,SELL,-0.284027,21:07:23.362988000,no,-,-,-,-,10.000000,0.100000,0.710620,2,1,1334,2266,3.750000,6.821500,4400,no
190,SELL,0.045846,21:07:23.362988000,no,-,-,-,-,10.000000,0.100000,0.710620,2,1,1337,2263,3.750000,6.806200,4400,no
191,SELL,-1.259742,21:07:23.362988000,no,-,-,-,-,10.000000,0.100000,0.710620,2,1,1342,2258,3.750000,6.780900,4400,no
192,SELL,0.550237,21:07:23.362988000,no,-,-,-,-,10.000000,0.100000,0.710620,2,1,1344,2256,3.750000,6.770800,4400,no
193,SELL,-0.517983,21:07:23.362988000,no,-,-,-,-,10.000000,0.100000,0.710620,2,1,1347,2253,3.750000,6.755700,4400,no
194,SELL,-0.549500,21:07:23.362988000,no,-,-,-,-,10.000000,0.100000,0.710620,2,1,1351,2249,3.750000,6.735700,4400,no
195,SELL,-1.794476,21:07:23.362988000,no,-,-,-,-,10.000000,0.100000,0.710620,2,1,1354,2246,3.750000,6.720800,4400,no
196,SELL,-1.303602,21:07:23.362988000,no,-,-,-,-,10.000000,0.100000,0.710620,2,1,1357,2243,3.750000,6.705900,4400,no
197,SELL,0.372325,21:07:23.362988000,no,-,-,-,-,10.000000,0.100000,0.710620,2,1,1364,2236,3.750000,6.671500,4400,no
198,SELL,1.038001,21:07:23.362988000,no,-,-,-,-,10.000000,0.100000,0.710620,2,1,1368,2232,3.750000,6.652000,4400,no
199,SELL,0.329823,21:07:23.362988000,no,-,-,-,-,10.000000,0.100000,0.710620,2,1,1374,2226,3.750000,6.622900,4400,no
200,SELL,1.311296,21:07:23.362988000,no,-,-,-,-,10.000000,0.100000,0.710620,2,1,1427,2173,3.750000,6.377000,4400,no
201,SELL,1.662113,21:07:23.362988000,no,-,-,-,-,10.000000,0.100000,0.710620,2,1,1431,2169,3.750000,6.359100,4400,no
202,SELL,1.080039,21:07:23.362988000,no,-,-,-,-,10.000000,0.100000,0.710620,2,1,1437,2163,3.750000,6.332600,4400,no
203,SELL,0.847664,21:07:23.362988000,no,-,-,-,-,10.000000,0.100000,0.710620,2,1,1490,2110,3.750000,6.107300,4400,no
204,SELL,-1.390848,21:07:23.362988000,no,-,-,-,-,10.000000,0.100000,0.710620,2,1,1551,2049,3.750000,5.867100,4400,no
205,SELL,-1.486597,21:07:23.362988000,no,-,-,-,-,10.000000,0.100000,0.710620,2,1,1553,2047,3.750000,5.859600,4400,no
206,SELL,-2.222997,21:07:23.362988000,no,-,-,-,-,10.000000,0.100000,0.710620,2,1,1562,2038,3.750000,5.825800,4400,no
207,SELL,-2.114210,21:07:23.362988000,no,-,-,-,-,10.000000,0.100000,0.710620,2,1,1564,2036,3.750000,5.818400,4400,no
208,SELL,-3.103014,21:07:23.362988000,no,-,-,-,-,10.000000,0.100000,0.710620,2,1,1567,2033,3.750000,5.807200,4400,no
209,SELL,-2.720192,21:07:23.362988000,no,-,-,-,-,10.000000,0.100000,0.710620,2,1,1571,2029,3.750000,5.792400,4400,no
210,SELL,-2.130803,21:07:23.362988000,no,-,-,-,-,10.000000,0.100000,0.710620,2,1,1576,2024,3.750000,5.774100,4400,no
211,SELL,-1.636928,21:07:23.362988000,no,-,-,-,-,10.000000,0.100000,0.710620,2,1,1579,2021,3.750000,5.763100,4400,no
212,SELL,-2.148344,21:07:23.362988000,no,-,-,-,-,10.000000,0.100000,0.710620,2,1,1583,2017,3.750000,5.748500,4400,no
213,SELL,-1.537487,21:07:23.362988000,no,-,-,-,-,10.000000,0.100000,0.710620,2,1,1587,2013,3.750000,5.734000,4400,no
214,SELL,-3.127125,21:07:23.362988000,no,-,-,-,-,10.000000,0.100000,0.710620,2,1,1592,2008,3.750000,5.716000,4400,no
215,SELL,-2.151660,21:07:23.362988000,no,-,-,-,-,10.000000,0.100000,0.710620,2,1,1623,1977,3.750000,5.606900,4400,no
216,SELL,0.502948,21:07:23.362988000,no,-,-,-,-,10.000000,0.100000,0.710620,2,1,1626,1974,3.750000,5.596500,4400,no
217,SELL,-0.680931,21:07:23.362988000,no,-,-,-,-,10.000000,0.100000,0.710620,2,1,1630,1970,3.750000,5.582800,4400,no
218,SELL,-1.326953,21:07:23.362988000,no,-,-,-,-,10.000000,0.100000,0.710620,2,1,1648,1952,3.750000,5.521800,4400,no
219,SELL,-1.225044,21:07:23.362988000,no,-,-,-,-,10.000000,0.100000,0.710620,2,1,1667,1933,3.750000,5.458900,4400,no
220,SELL,1.199116,21:07:23.362988000,yes,9.850000,ask1,4400,00:00:00.000023007,9.090909,0.110000,0.710620,2,1,4926,-1326,3.750000,1.847300,4400,yes
221,SELL,2.278960,21:07:23.362988000,yes,9.850000,ask1,4400,00:00:00.000024624,8.264463,0.121000,0.710620,2,1,4929,-1329,3.750000,1.846200,4400,yes
222,SELL,2.321098,21:07:23.362988000,yes,9.850000,ask1,4400,00:00:00.000026527,7.513148,0.133100,0.710620,2,1,4934,-1334,3.750000,1.844300,4400,yes
223,SELL,0.590797,21:07:23.362988000,yes,9.850000,ask1,4400,00:00:00.000025143,6.830135,0.146410,0.710620,2,1,4937,-1337,3.750000,1.843200,4400,yes
224,SELL,-0.243580,21:07:23.362988000,yes,9.850000,ask1,4400,00:00:00.000025588,6.209213,0.161051,0.710620,2,1,4941,-1341,3.750000,1.841700,4400,yes
225,SELL,-0.811510,21:07:23.362988000,yes,9.850000,ask1,4400,00:00:00.000024138,5.644739,0.177156,0.710620,2,1,4946,-1346,3.750000,1.839800,4400,yes
226,SELL,1.272278,21:07:23.362988000,yes,9.840000,ask1,4400,00:00:00.000024672,5.131581,0.194872,0.710620,2,1,4948,-1348,3.750000,1.839100,4400,yes
227,SELL,-0.101133,21:07:23.362988000,yes,9.850000,ask1,4400,00:00:00.000026989,4.665074,0.214359,0.710620,2,1,4953,-1353,3.750000,1.837200,4400,yes
228,SELL,-1.085076,21:07:23.362988000,yes,9.850000,ask1,4400,00:00:00.000025693,4.240976,0.235795,0.710620,2,1,4957,-1357,3.750000,1.835700,4400,yes
229,SELL,-2.665207,21:07:23.362988000,yes,9.840000,ask1,4400,00:00:00.000025889,3.855433,0.259374,0.710620,2,1,4960,-1360,3.750000,1.834600,4400,yes
230,SELL,-3.357789,21:07:23.362988000,yes,9.830000,bid1,4400,00:00:00.000031306,3.504939,0.285312,0.710620,2,1,4964,-1364,3.750000,1.833100,4400,yes
231,SELL,-2.276243,21:07:23.362988000,yes,9.830000,bid1,4400,00:00:00.000024224,3.186308,0.313843,0.710620,2,1,4967,-1367,3.750000,1.832000,4400,yes
232,SELL,0.382696,21:07:23.362988000,yes,9.840000,ask1,4400,00:00:00.000024260,2.896644,0.345227,0.710620,2,1,4971,-1371,3.750000,1.830600,4400,yes
233,SELL,0.400320,21:07:23.362988000,yes,9.840000,ask1,4400,00:00:00.000030331,2.633313,0.379750,0.710620,2,1,4976,-1376,3.750000,1.828700,4400,yes
234,SELL,1.173054,21:07:23.362988000,yes,9.840000,ask1,4400,00:00:00.000024252,2.393920,0.417725,0.710620,2,1,4980,-1380,3.750000,1.827300,4400,yes
235,SELL,0.702808,21:07:23.362988000,yes,9.840000,ask1,4400,00:00:00.000026323,2.176291,0.459497,0.710620,2,1,4984,-1384,3.750000,1.825800,4400,yes
236,SELL,-0.522642,21:07:23.362988000,yes,9.840000,ask1,4400,00:00:00.000024632,1.978447,0.505447,0.710620,2,1,4990,-1390,3.750000,1.823600,4400,yes
237,SELL,-0.584553,21:07:23.362988000,yes,9.840000,ask1,4400,00:00:00.000025376,1.798588,0.555992,0.710620,2,1,4993,-1393,3.750000,1.822500,4400,yes
238,SELL,-0.335256,21:07:23.362988000,no,-,-,-,-,1.635080,0.611591,0.710620,2,1,4998,-1398,3.750000,1.820700,4400,yes
239,SELL,-0.810452,21:07:23.362988000,no,-,-,-,-,1.486436,0.672750,0.710620,2,1,5003,-1403,3.750000,1.818900,4400,yes
240,SELL,-2.605107,21:07:23.362988000,no,-,-,-,-,1.351306,0.740025,0.710620,2,1,5006,-1406,3.750000,1.817800,4400,yes
241,SELL,-1.312085,21:07:23.362988000,no,-,-,-,-,1.228460,0.814027,0.710620,2,1,5035,-1435,3.750000,1.807300,4400,yes
242,SELL,-1.072548,21:07:23.362988000,no,-,-,-,-,1.116782,0.895430,0.710620,2,1,5037,-1437,3.750000,1.806600,4400,yes
243,SELL,-0.479657,21:07:23.362988000,no,-,-,-,-,1.015256,0.984973,0.710620,2,1,5040,-1440,3.750000,1.805500,4400,yes
244,SELL,0.389810,21:07:23.362988000,no,-,-,-,-,0.922960,1.083471,0.710620,2,1,5045,-1445,3.750000,1.803700,4400,yes
245,SELL,0.172972,21:07:23.362988000,no,-,-,-,-,0.839055,1.191818,0.710620,2,1,5049,-1449,3.750000,1.802300,4400,yes
