轮数,方向,预测值,算法开始时间,是否下单,下单价格,档位,下单量,下单耗时(从预测到下单),r1,r2,std,freq,qty_scalar,经过时间,剩余时间,目标速度,实际速度,剩余量,是否为最后一轮
1,SELL,-0.299924,21:07:23.356191480,no,-,-,-,-,0.909091,1.100000,0.603066,2,1,332,3268,10.000000,0.000000,36000,no
2,SELL,-0.044775,21:07:23.356191480,no,-,-,-,-,0.826446,1.210000,0.603066,2,1,335,3265,10.000000,0.000000,36000,no
3,SELL,-0.345139,21:07:23.356191480,no,-,-,-,-,0.751315,1.331000,0.603066,2,1,339,3261,10.000000,0.000000,36000,no
4,SELL,-0.293845,21:07:23.356191480,no,-,-,-,-,0.683013,1.464100,0.603066,2,1,343,3257,10.000000,0.000000,36000,no
5,SELL,-0.085072,21:07:23.356191480,no,-,-,-,-,0.620921,1.610510,0.603066,2,1,347,3253,10.000000,0.000000,36000,no
6,SELL,-0.101294,21:07:23.356191480,no,-,-,-,-,0.564474,1.771561,0.603066,2,1,350,3250,10.000000,0.000000,36000,no
7,SELL,-0.347713,21:07:23.356191480,yes,17.239900,bid1,100,00:00:00.000045375,0.513158,1.948717,0.603066,2,1,355,3245,10.000000,0.281600,35900,no
8,SELL,-0.268123,21:07:23.356191480,no,-,-,-,-,0.466507,2.143589,0.603066,2,1,359,3241,10.000000,0.278500,35900,no
9,SELL,-0.142199,21:07:23.356191480,no,-,-,-,-,0.424098,2.357948,0.603066,2,1,362,3238,10.000000,0.276200,35900,no
10,SELL,-0.433970,21:07:23.356191480,yes,17.239900,bid1,200,00:00:00.000041646,0.385543,2.593742,0.603066,2,1,366,3234,10.000000,0.819600,35700,no
11,SELL,-0.113677,21:07:23.356191480,no,-,-,-,-,0.350494,2.853117,0.603066,2,1,369,3231,10.000000,0.813000,35700,no
12,SELL,-0.043263,21:07:23.356191480,no,-,-,-,-,0.318631,3.138428,0.603066,2,1,372,3228,10.000000,0.806400,35700,no
13,SELL,-0.144083,21:07:23.356191480,no,-,-,-,-,0.289664,3.452271,0.603066,2,1,376,3224,10.000000,0.797800,35700,no
14,SELL,-0.585590,21:07:23.356191480,yes,17.250000,bid1,300,00:00:00.000043835,0.263331,3.797498,0.603066,2,1,380,3220,10.000000,1.578900,35400,no
15,SELL,-0.434466,21:07:23.356191480,yes,17.239900,bid1,400,00:00:00.000037646,0.239392,4.177248,0.603066,2,1,383,3217,10.000000,2.610900,35000,no
16,SELL,-0.510382,21:07:23.356191480,yes,17.239900,bid1,400,00:00:00.000059983,0.217629,4.594973,0.603066,2,1,386,3214,10.000000,3.626900,34600,no
17,SELL,-0.636990,21:07:23.356191480,yes,17.239900,bid1,500,00:00:00.000038989,0.197845,5.054470,0.603066,2,1,392,3208,10.000000,4.846900,34100,no
18,SELL,-0.514869,21:07:23.356191480,yes,17.239900,bid1,500,00:00:00.000037248,0.179859,5.559917,0.603066,2,1,396,3204,10.000000,6.060600,33600,no
19,SELL,-0.389627,21:07:23.356191480,yes,17.239900,bid1,600,00:00:00.000045692,0.163508,6.115909,0.603066,2,1,398,3202,10.000000,7.537600,33000,no
20,SELL,-0.384092,21:07:23.356191480,yes,17.239900,bid1,600,00:00:00.000036498,0.148644,6.727500,0.603066,2,1,402,3198,10.000000,8.955200,32400,no
21,SELL,-0.252570,21:07:23.356191480,yes,17.239900,bid1,700,00:00:00.000036568,0.135131,7.400250,0.603066,2,1,406,3194,10.000000,10.591100,31700,no
22,SELL,-0.299050,21:07:23.356191480,yes,17.239900,bid1,700,00:00:00.000043500,0.135131,7.400250,0.603066,2,1,409,3191,10.000000,12.224900,31000,no
23,SELL,-0.207793,21:07:23.356191480,yes,17.239900,bid1,700,00:00:00.000036771,0.135131,7.400250,0.603066,2,1,412,3188,10.000000,13.834900,30300,no
24,SELL,0.134665,21:07:23.356191480,no,-,-,-,-,0.135131,7.400250,0.603066,2,1,416,3184,10.000000,13.701900,30300,no
25,SELL,-0.163734,21:07:23.356191480,yes,17.239900,bid1,700,00:00:00.000043244,0.135131,7.400250,0.603066,2,1,421,3179,10.000000,15.201900,29600,no
26,SELL,-0.199997,21:07:23.356191480,yes,17.239900,bid1,700,00:00:00.000055298,0.135131,7.400250,0.603066,2,1,426,3174,10.000000,16.666600,28900,no
27,SELL,-0.193932,21:07:23.356191480,yes,17.239900,bid1,700,00:00:00.000037392,0.135131,7.400250,0.603066,2,1,431,3169,10.000000,18.097400,28200,no
28,SELL,-0.228974,21:07:23.356191480,yes,17.239900,bid1,700,00:00:00.000040232,0.135131,7.400250,0.603066,2,1,436,3164,10.000000,19.495400,27500,no
29,SELL,-0.328008,21:07:23.356191480,yes,17.239900,bid1,700,00:00:00.000036419,0.135131,7.400250,0.603066,2,1,440,3160,10.000000,20.909000,26800,no
30,SELL,-0.387442,21:07:23.356191480,yes,17.239900,bid1,600,00:00:00.000040557,0.148644,6.727500,0.603066,2,1,444,3156,10.000000,22.072000,26200,no
31,SELL,-0.481504,21:07:23.356191480,yes,17.239900,bid1,600,00:00:00.000036425,0.163508,6.115909,0.603066,2,1,447,3153,10.000000,21.923900,26200,no
32,SELL,-0.438067,21:07:23.356191480,yes,17.239900,bid1,500,00:00:00.000038457,0.179859,5.559917,0.603066,2,1,451,3149,10.000000,24.168500,25100,no
33,SELL,-0.575928,21:07:23.356191480,yes,17.239900,bid1,500,00:00:00.000040220,0.197845,5.054470,0.603066,2,1,456,3144,10.000000,25.000000,24600,no
34,SELL,-0.581764,21:07:23.356191480,yes,17.239900,bid1,400,00:00:00.000043332,0.217629,4.594973,0.603066,2,1,459,3141,10.000000,25.708000,24200,no
35,SELL,-0.321098,21:07:23.356191480,yes,17.239900,bid1,400,00:00:00.000039317,0.239392,4.177248,0.603066,2,1,464,3136,10.000000,26.293100,23800,no
36,SELL,-0.447930,21:07:23.356191480,yes,17.239900,bid1,300,00:00:00.000036293,0.263331,3.797498,0.603066,2,1,466,3134,10.000000,26.824000,23500,no
37,SELL,-0.475934,21:07:23.356191480,yes,17.239900,bid1,300,00:00:00.000038932,0.289664,3.452271,0.603066,2,1,470,3130,10.000000,27.234000,23200,no
38,SELL,-0.352825,21:07:23.356191480,yes,17.239900,bid1,300,00:00:00.000037001,0.318631,3.138428,0.603066,2,1,474,3126,10.000000,27.637100,22900,no
39,SELL,-0.203276,21:07:23.356191480,no,-,-,-,-,0.350494,2.853117,0.603066,2,1,478,3122,10.000000,27.405800,22900,no
40,SELL,-0.248327,21:07:23.356191480,yes,17.250000,bid1,200,00:00:00.000036749,0.385543,2.593742,0.603066,2,1,481,3119,10.000000,27.650700,22700,no
41,SELL,-0.232547,21:07:23.356191480,no,-,-,-,-,0.424098,2.357948,0.603066,2,1,486,3114,10.000000,27.366200,22700,no
42,SELL,-0.203477,21:07:23.356191480,no,-,-,-,-,0.466507,2.143589,0.603066,2,1,489,3111,10.000000,27.198300,22700,no
43,SELL,0.631289,21:07:23.356191480,no,-,-,-,-,0.513158,1.948717,0.603066,2,1,494,3106,10.000000,26.923000,22700,no
44,SELL,0.726096,21:07:23.356191480,no,-,-,-,-,0.564474,1.771561,0.603066,2,1,500,3100,10.000000,26.600000,22700,no
45,SELL,0.382687,21:07:23.356191480,no,-,-,-,-,0.620921,1.610510,0.603066,2,1,504,3096,10.000000,26.388800,22700,no
46,SELL,0.023327,21:07:23.356191480,no,-,-,-,-,0.683013,1.464100,0.603066,2,1,508,3092,10.000000,26.181100,22700,no
47,SELL,0.174813,21:07:23.356191480,no,-,-,-,-,0.751315,1.331000,0.603066,2,1,512,3088,10.000000,25.976500,22700,no
48,SELL,-0.074614,21:07:23.356191480,no,-,-,-,-,0.826446,1.210000,0.603066,2,1,517,3083,10.000000,25.725300,22700,no
49,SELL,-0.186114,21:07:23.356191480,no,-,-,-,-,0.909091,1.100000,0.603066,2,1,521,3079,10.000000,25.527800,22700,no
50,SELL,-0.293748,21:07:23.356191480,no,-,-,-,-,1.000000,1.000000,0.603066,2,1,526,3074,10.000000,25.285100,22700,no
51,SELL,0.202815,21:07:23.356191480,no,-,-,-,-,1.100000,0.909091,0.603066,2,1,529,3071,10.000000,25.141700,22700,no
52,SELL,-0.111930,21:07:23.356191480,no,-,-,-,-,1.210000,0.826446,0.603066,2,1,534,3066,10.000000,24.906300,22700,no
53,SELL,-0.257181,21:07:23.356191480,no,-,-,-,-,1.331000,0.751315,0.603066,2,1,538,3062,10.000000,24.721100,22700,no
54,SELL,0.016064,21:07:23.356191480,no,-,-,-,-,1.464100,0.683013,0.603066,2,1,544,3056,10.000000,24.448500,22700,no
55,SELL,-0.398731,21:07:23.356191480,no,-,-,-,-,1.610510,0.620921,0.603066,2,1,551,3049,10.000000,24.137900,22700,no
56,SELL,-0.647071,21:07:23.356191480,no,-,-,-,-,1.771561,0.564474,0.603066,2,1,556,3044,10.000000,23.920800,22700,no
57,SELL,-0.826352,21:07:23.356191480,no,-,-,-,-,1.948717,0.513158,0.603066,2,1,561,3039,10.000000,23.707600,22700,no
58,SELL,-0.673146,21:07:23.356191480,no,-,-,-,-,2.143589,0.466507,0.603066,2,1,566,3034,10.000000,23.498200,22700,no
59,SELL,-0.835180,21:07:23.356191480,no,-,-,-,-,2.357948,0.424098,0.603066,2,1,570,3030,10.000000,23.333300,22700,no
60,SELL,-0.662572,21:07:23.356191480,no,-,-,-,-,2.593742,0.385543,0.603066,2,1,575,3025,10.000000,23.130400,22700,no
61,SELL,-0.606255,21:07:23.356191480,no,-,-,-,-,2.853117,0.350494,0.603066,2,1,578,3022,10.000000,23.010300,22700,no
62,SELL,-0.227854,21:07:23.356191480,no,-,-,-,-,3.138428,0.318631,0.603066,2,1,583,3017,10.000000,22.813000,22700,no
63,SELL,-0.112203,21:07:23.356191480,no,-,-,-,-,3.452271,0.289664,0.603066,2,1,586,3014,10.000000,22.696200,22700,no
64,SELL,-0.055002,21:07:23.356191480,no,-,-,-,-,3.797498,0.263331,0.603066,2,1,590,3010,10.000000,22.542300,22700,no
65,SELL,0.088558,21:07:23.356191480,no,-,-,-,-,4.177248,0.239392,0.603066,2,1,594,3006,10.000000,22.390500,22700,no
66,SELL,0.005870,21:07:23.356191480,no,-,-,-,-,4.594973,0.217629,0.603066,2,1,599,3001,10.000000,22.203600,22700,no
67,SELL,0.166785,21:07:23.356191480,no,-,-,-,-,5.054470,0.197845,0.603066,2,1,604,2996,10.000000,22.019800,22700,no
68,SELL,0.219563,21:07:23.356191480,no,-,-,-,-,5.559917,0.179859,0.603066,2,1,606,2994,10.000000,21.947100,22700,no
69,SELL,0.126073,21:07:23.356191480,no,-,-,-,-,6.115909,0.163508,0.603066,2,1,610,2990,10.000000,21.803200,22700,no
70,SELL,0.055806,21:07:23.356191480,no,-,-,-,-,6.727500,0.148644,0.603066,2,1,613,2987,10.000000,21.696500,22700,no
71,SELL,0.107791,21:07:23.356191480,no,-,-,-,-,7.400250,0.135131,0.603066,2,1,617,2983,10.000000,21.555900,22700,no
72,SELL,0.101355,21:07:23.356191480,no,-,-,-,-,8.140275,0.122846,0.603066,2,1,620,2980,10.000000,21.451600,22700,no
73,SELL,0.066361,21:07:23.356191480,no,-,-,-,-,8.954302,0.111678,0.603066,2,1,624,2976,10.000000,21.314100,22700,no
74,SELL,0.114644,21:07:23.356191480,no,-,-,-,-,9.849733,0.101526,0.603066,2,1,629,2971,10.000000,21.144600,22700,no
75,SELL,0.328068,21:07:23.356191480,no,-,-,-,-,10.000000,0.100000,0.603066,2,1,633,2967,10.000000,21.011000,22700,no
76,SELL,0.447504,21:07:23.356191480,no,-,-,-,-,10.000000,0.100000,0.603066,2,1,637,2963,10.000000,20.879100,22700,no
77,SELL,0.485693,21:07:23.356191480,no,-,-,-,-,10.000000,0.100000,0.603066,2,1,640,2960,10.000000,20.781200,22700,no
78,SELL,0.098368,21:07:23.356191480,no,-,-,-,-,10.000000,0.100000,0.603066,2,1,642,2958,10.000000,20.716500,22700,no
79,SELL,0.338929,21:07:23.356191480,no,-,-,-,-,10.000000,0.100000,0.603066,2,1,644,2956,10.000000,20.652100,22700,no
80,SELL,0.288221,21:07:23.356191480,no,-,-,-,-,10.000000,0.100000,0.603066,2,1,648,2952,10.000000,20.524600,22700,no
81,SELL,0.401168,21:07:23.356191480,no,-,-,-,-,10.000000,0.100000,0.603066,2,1,651,2949,10.000000,20.430100,22700,no
82,SELL,0.181610,21:07:23.356191480,no,-,-,-,-,10.000000,0.100000,0.603066,2,1,654,2946,10.000000,20.336300,22700,no
83,SELL,0.706763,21:07:23.356191480,no,-,-,-,-,10.000000,0.100000,0.603066,2,1,658,2942,10.000000,20.212700,22700,no
84,SELL,0.861655,21:07:23.356191480,no,-,-,-,-,10.000000,0.100000,0.603066,2,1,662,2938,10.000000,20.090600,22700,no
85,SELL,0.708564,21:07:23.356191480,no,-,-,-,-,10.000000,0.100000,0.603066,2,1,667,2933,10.000000,19.940000,22700,no
86,SELL,0.722148,21:07:23.356191480,no,-,-,-,-,10.000000,0.100000,0.603066,2,1,669,2931,10.000000,19.880400,22700,no
87,SELL,0.535885,21:07:23.356191480,no,-,-,-,-,10.000000,0.100000,0.603066,2,1,673,2927,10.000000,19.762200,22700,no
88,SELL,0.795327,21:07:23.356191480,no,-,-,-,-,10.000000,0.100000,0.603066,2,1,676,2924,10.000000,19.674500,22700,no
89,SELL,1.128700,21:07:23.356191480,no,-,-,-,-,10.000000,0.100000,0.603066,2,1,680,2920,10.000000,19.558800,22700,no
90,SELL,0.553882,21:07:23.356191480,no,-,-,-,-,10.000000,0.100000,0.603066,2,1,683,2917,10.000000,19.472900,22700,no
91,SELL,0.880861,21:07:23.356191480,no,-,-,-,-,10.000000,0.100000,0.603066,2,1,686,2914,10.000000,19.387700,22700,no
92,SELL,0.734227,21:07:23.356191480,no,-,-,-,-,10.000000,0.100000,0.603066,2,1,690,2910,10.000000,19.275300,22700,no
93,SELL,0.861902,21:07:23.356191480,no,-,-,-,-,10.000000,0.100000,0.603066,2,1,693,2907,10.000000,19.191900,22700,no
94,SELL,0.516614,21:07:23.356191480,no,-,-,-,-,10.000000,0.100000,0.603066,2,1,697,2903,10.000000,19.081700,22700,no
95,SELL,0.438121,21:07:23.356191480,no,-,-,-,-,10.000000,0.100000,0.603066,2,1,701,2899,10.000000,18.972800,22700,no
96,SELL,0.738517,21:07:23.356191480,no,-,-,-,-,10.000000,0.100000,0.603066,2,1,704,2896,10.000000,18.892000,22700,no
97,SELL,0.458840,21:07:23.356191480,no,-,-,-,-,10.000000,0.100000,0.603066,2,1,706,2894,10.000000,18.838500,22700,no
98,SELL,0.712769,21:07:23.356191480,no,-,-,-,-,10.000000,0.100000,0.603066,2,1,710,2890,10.000000,18.732300,22700,no
99,SELL,0.400931,21:07:23.356191480,no,-,-,-,-,10.000000,0.100000,0.603066,2,1,714,2886,10.000000,18.627400,22700,no
100,SELL,0.286847,21:07:23.356191480,no,-,-,-,-,10.000000,0.100000,0.603066,2,1,716,2884,10.000000,18.575400,22700,no
101,SELL,0.362795,21:07:23.356191480,no,-,-,-,-,10.000000,0.100000,0.603066,2,1,718,2882,10.000000,18.523600,22700,no
102,SELL,0.065507,21:07:23.356191480,no,-,-,-,-,10.000000,0.100000,0.603066,2,1,722,2878,10.000000,18.421000,22700,no
103,SELL,0.046566,21:07:23.356191480,no,-,-,-,-,10.000000,0.100000,0.603066,2,1,725,2875,10.000000,18.344800,22700,no
104,SELL,0.200389,21:07:23.356191480,no,-,-,-,-,10.000000,0.100000,0.603066,2,1,729,2871,10.000000,18.244100,22700,no
105,SELL,-0.025075,21:07:23.356191480,no,-,-,-,-,10.000000,0.100000,0.603066,2,1,732,2868,10.000000,18.169300,22700,no
106,SELL,0.216105,21:07:23.356191480,no,-,-,-,-,10.000000,0.100000,0.603066,2,1,738,2862,10.000000,18.021600,22700,no
107,SELL,-0.087581,21:07:23.356191480,no,-,-,-,-,10.000000,0.100000,0.603066,2,1,742,2858,10.000000,17.924500,22700,no
108,SELL,-1.117148,21:07:23.356191480,no,-,-,-,-,10.000000,0.100000,0.603066,2,1,749,2851,10.000000,17.757000,22700,no
109,SELL,-1.138771,21:07:23.356191480,no,-,-,-,-,10.000000,0.100000,0.603066,2,1,755,2845,10.000000,17.615800,22700,no
110,SELL,-0.338554,21:07:23.356191480,no,-,-,-,-,10.000000,0.100000,0.603066,2,1,759,2841,10.000000,17.523000,22700,no
111,SELL,-0.197061,21:07:23.356191480,no,-,-,-,-,10.000000,0.100000,0.603066,2,1,763,2837,10.000000,17.431100,22700,no
112,SELL,-0.239686,21:07:23.356191480,no,-,-,-,-,10.000000,0.100000,0.603066,2,1,766,2834,10.000000,17.362900,22700,no
113,SELL,-0.231366,21:07:23.356191480,no,-,-,-,-,10.000000,0.100000,0.603066,2,1,770,2830,10.000000,17.272700,22700,no
114,SELL,-0.996596,21:07:23.356191480,no,-,-,-,-,10.000000,0.100000,0.603066,2,1,773,2827,10.000000,17.205600,22700,no
115,SELL,0.145299,21:07:23.356191480,no,-,-,-,-,10.000000,0.100000,0.603066,2,1,776,2824,10.000000,17.139100,22700,no
116,SELL,0.042290,21:07:23.356191480,no,-,-,-,-,10.000000,0.100000,0.603066,2,1,781,2819,10.000000,17.029400,22700,no
117,SELL,-0.347916,21:07:23.356191480,no,-,-,-,-,10.000000,0.100000,0.603066,2,1,784,2816,10.000000,16.964200,22700,no
118,SELL,-0.015450,21:07:23.356191480,no,-,-,-,-,10.000000,0.100000,0.603066,2,1,786,2814,10.000000,16.921100,22700,no
119,SELL,-0.282607,21:07:23.356191480,no,-,-,-,-,10.000000,0.100000,0.603066,2,1,789,2811,10.000000,16.856700,22700,no
120,SELL,0.005464,21:07:23.356191480,no,-,-,-,-,10.000000,0.100000,0.603066,2,1,792,2808,10.000000,16.792900,22700,no
121,SELL,-0.025393,21:07:23.356191480,no,-,-,-,-,10.000000,0.100000,0.603066,2,1,798,2802,10.000000,16.666600,22700,no
122,SELL,-0.126563,21:07:23.356191480,no,-,-,-,-,10.000000,0.100000,0.603066,2,1,802,2798,10.000000,16.583500,22700,no
123,SELL,-0.220466,21:07:23.356191480,no,-,-,-,-,10.000000,0.100000,0.603066,2,1,806,2794,10.000000,16.501200,22700,no
124,SELL,-0.772502,21:07:23.356191480,no,-,-,-,-,10.000000,0.100000,0.603066,2,1,810,2790,10.000000,16.419700,22700,no
125,SELL,-0.807461,21:07:23.356191480,no,-,-,-,-,10.000000,0.100000,0.603066,2,1,813,2787,10.000000,16.359100,22700,no
126,SELL,-0.759412,21:07:23.356191480,no,-,-,-,-,10.000000,0.100000,0.603066,2,1,817,2783,10.000000,16.279000,22700,no
127,SELL,-0.787955,21:07:23.356191480,no,-,-,-,-,10.000000,0.100000,0.603066,2,1,821,2779,10.000000,16.199700,22700,no
128,SELL,-0.736628,21:07:23.356191480,no,-,-,-,-,10.000000,0.100000,0.603066,2,1,825,2775,10.000000,16.121200,22700,no
129,SELL,-0.572734,21:07:23.356191480,no,-,-,-,-,10.000000,0.100000,0.603066,2,1,828,2772,10.000000,16.062800,22700,no
130,SELL,-0.078856,21:07:23.356191480,no,-,-,-,-,10.000000,0.100000,0.603066,2,1,831,2769,10.000000,16.004800,22700,no
131,SELL,-0.047037,21:07:23.356191480,no,-,-,-,-,10.000000,0.100000,0.603066,2,1,835,2765,10.000000,15.928100,22700,no
132,SELL,0.003705,21:07:23.356191480,no,-,-,-,-,10.000000,0.100000,0.603066,2,1,837,2763,10.000000,15.890000,22700,no
133,SELL,-0.159094,21:07:23.356191480,no,-,-,-,-,10.000000,0.100000,0.603066,2,1,840,2760,10.000000,15.833300,22700,no
134,SELL,-0.214671,21:07:23.356191480,no,-,-,-,-,10.000000,0.100000,0.603066,2,1,843,2757,10.000000,15.776900,22700,no
135,SELL,-0.205044,21:07:23.356191480,no,-,-,-,-,10.000000,0.100000,0.603066,2,1,848,2752,10.000000,15.683900,22700,no
136,SELL,-0.013882,21:07:23.356191480,no,-,-,-,-,10.000000,0.100000,0.603066,2,1,850,2750,10.000000,15.647000,22700,no
137,SELL,-0.101342,21:07:23.356191480,no,-,-,-,-,10.000000,0.100000,0.603066,2,1,853,2747,10.000000,15.592000,22700,no
138,SELL,-0.227287,21:07:23.356191480,no,-,-,-,-,10.000000,0.100000,0.603066,2,1,858,2742,10.000000,15.501100,22700,no
139,SELL,-0.581070,21:07:23.356191480,no,-,-,-,-,10.000000,0.100000,0.603066,2,1,860,2740,10.000000,15.465100,22700,no
140,SELL,-0.386917,21:07:23.356191480,no,-,-,-,-,10.000000,0.100000,0.603066,2,1,863,2737,10.000000,15.411300,22700,no
141,SELL,-0.500671,21:07:23.356191480,no,-,-,-,-,10.000000,0.100000,0.603066,2,1,867,2733,10.000000,15.340200,22700,no
142,SELL,-0.353990,21:07:23.356191480,no,-,-,-,-,10.000000,0.100000,0.603066,2,1,870,2730,10.000000,15.287300,22700,no
143,SELL,-0.468282,21:07:23.356191480,no,-,-,-,-,10.000000,0.100000,0.603066,2,1,875,2725,10.000000,15.200000,22700,no
144,SELL,-0.387026,21:07:23.356191480,no,-,-,-,-,10.000000,0.100000,0.603066,2,1,877,2723,10.000000,15.165300,22700,no
145,SELL,0.016218,21:07:23.356191480,no,-,-,-,-,10.000000,0.100000,0.603066,2,1,881,2719,10.000000,15.096400,22700,no
146,SELL,0.050859,21:07:23.356191480,no,-,-,-,-,10.000000,0.100000,0.603066,2,1,884,2716,10.000000,15.045200,22700,no
147,SELL,-0.149016,21:07:23.356191480,no,-,-,-,-,10.000000,0.100000,0.603066,2,1,887,2713,10.000000,14.994300,22700,no
148,SELL,0.249622,21:07:23.356191480,no,-,-,-,-,10.000000,0.100000,0.603066,2,1,892,2708,10.000000,14.910300,22700,no
149,SELL,-0.014000,21:07:23.356191480,no,-,-,-,-,10.000000,0.100000,0.603066,2,1,895,2705,10.000000,14.860300,22700,no
150,SELL,0.022815,21:07:23.356191480,no,-,-,-,-,10.000000,0.100000,0.603066,2,1,898,2702,10.000000,14.810600,22700,no
151,SELL,0.218623,21:07:23.356191480,no,-,-,-,-,10.000000,0.100000,0.603066,2,1,902,2698,10.000000,14.745000,22700,no
152,SELL,0.025085,21:07:23.356191480,no,-,-,-,-,10.000000,0.100000,0.603066,2,1,904,2696,10.000000,14.712300,22700,no
153,SELL,0.084069,21:07:23.356191480,no,-,-,-,-,10.000000,0.100000,0.603066,2,1,907,2693,10.000000,14.663700,22700,no
154,SELL,-0.151601,21:07:23.356191480,no,-,-,-,-,10.000000,0.100000,0.603066,2,1,909,2691,10.000000,14.631400,22700,no
155,SELL,-0.295398,21:07:23.356191480,no,-,-,-,-,10.000000,0.100000,0.603066,2,1,1189,2411,10.000000,11.185800,22700,no
156,SELL,-0.071887,21:07:23.356191480,no,-,-,-,-,10.000000,0.100000,0.603066,2,1,1193,2407,10.000000,11.148300,22700,no
157,SELL,-0.110475,21:07:23.356191480,no,-,-,-,-,10.000000,0.100000,0.603066,2,1,1197,2403,10.000000,11.111100,22700,no
158,SELL,-0.246857,21:07:23.356191480,no,-,-,-,-,10.000000,0.100000,0.603066,2,1,1201,2399,10.000000,11.074100,22700,no
159,SELL,-0.295636,21:07:23.356191480,no,-,-,-,-,10.000000,0.100000,0.603066,2,1,1205,2395,10.000000,11.037300,22700,no
160,SELL,-0.202361,21:07:23.356191480,no,-,-,-,-,10.000000,0.100000,0.603066,2,1,1212,2388,10.000000,10.973500,22700,no
161,SELL,-0.330313,21:07:23.356191480,no,-,-,-,-,10.000000,0.100000,0.603066,2,1,1218,2382,10.000000,10.919500,22700,no
162,SELL,-0.257156,21:07:23.356191480,no,-,-,-,-,10.000000,0.100000,0.603066,2,1,1224,2376,10.000000,10.866000,22700,no
163,SELL,-0.492639,21:07:23.356191480,no,-,-,-,-,10.000000,0.100000,0.603066,2,1,1230,2370,10.000000,10.813000,22700,no
164,SELL,-0.355348,21:07:23.356191480,no,-,-,-,-,10.000000,0.100000,0.603066,2,1,1233,2367,10.000000,10.786600,22700,no
165,SELL,-0.318695,21:07:23.356191480,no,-,-,-,-,10.000000,0.100000,0.603066,2,1,1237,2363,10.000000,10.751800,22700,no
166,SELL,-0.386806,21:07:23.356191480,no,-,-,-,-,10.000000,0.100000,0.603066,2,1,1242,2358,10.000000,10.708500,22700,no
167,SELL,-0.331690,21:07:23.356191480,no,-,-,-,-,10.000000,0.100000,0.603066,2,1,1247,2353,10.000000,10.665500,22700,no
168,SELL,-0.261148,21:07:23.356191480,no,-,-,-,-,10.000000,0.100000,0.603066,2,1,1251,2349,10.000000,10.631400,22700,no
169,SELL,-0.205538,21:07:23.356191480,no,-,-,-,-,10.000000,0.100000,0.603066,2,1,1254,2346,10.000000,10.606000,22700,no
170,SELL,-0.275172,21:07:23.356191480,no,-,-,-,-,10.000000,0.100000,0.603066,2,1,1258,2342,10.000000,10.572300,22700,no
171,SELL,-0.087718,21:07:23.356191480,no,-,-,-,-,10.000000,0.100000,0.603066,2,1,1263,2337,10.000000,10.530400,22700,no
172,SELL,-0.201127,21:07:23.356191480,no,-,-,-,-,10.000000,0.100000,0.603066,2,1,1267,2333,10.000000,10.497200,22700,no
173,SELL,-0.191645,21:07:23.356191480,no,-,-,-,-,10.000000,0.100000,0.603066,2,1,1271,2329,10.000000,10.464200,22700,no
174,SELL,-0.239987,21:07:23.356191480,no,-,-,-,-,10.000000,0.100000,0.603066,2,1,1275,2325,10.000000,10.431300,22700,no
175,SELL,-0.162635,21:07:23.356191480,no,-,-,-,-,10.000000,0.100000,0.603066,2,1,1278,2322,10.000000,10.406800,22700,no
176,SELL,0.010189,21:07:23.356191480,no,-,-,-,-,10.000000,0.100000,0.603066,2,1,1282,2318,10.000000,10.374400,22700,no
177,SELL,-0.593928,21:07:23.356191480,no,-,-,-,-,10.000000,0.100000,0.603066,2,1,1286,2314,10.000000,10.342100,22700,no
178,SELL,-0.764962,21:07:23.356191480,no,-,-,-,-,10.000000,0.100000,0.603066,2,1,1290,2310,10.000000,10.310000,22700,no
179,SELL,-0.784112,21:07:23.356191480,no,-,-,-,-,10.000000,0.100000,0.603066,2,1,1296,2304,10.000000,10.262300,22700,no
180,SELL,-0.516369,21:07:23.356191480,no,-,-,-,-,10.000000,0.100000,0.603066,2,1,1299,2301,10.000000,10.238600,22700,no
181,SELL,-0.451216,21:07:23.356191480,no,-,-,-,-,10.000000,0.100000,0.603066,2,1,1303,2297,10.000000,10.207200,22700,no
182,SELL,-0.457836,21:07:23.356191480,no,-,-,-,-,10.000000,0.100000,0.603066,2,1,1308,2292,10.000000,10.168100,22700,no
183,SELL,-0.414327,21:07:23.356191480,no,-,-,-,-,10.000000,0.100000,0.603066,2,1,1312,2288,10.000000,10.137100,22700,no
184,SELL,-0.574872,21:07:23.356191480,no,-,-,-,-,10.000000,0.100000,0.603066,2,1,1315,2285,10.000000,10.114000,22700,no
185,SELL,-0.482135,21:07:23.356191480,no,-,-,-,-,10.000000,0.100000,0.603066,2,1,1319,2281,10.000000,10.083300,22700,no
186,SELL,-0.573547,21:07:23.356191480,no,-,-,-,-,10.000000,0.100000,0.603066,2,1,1325,2275,10.000000,10.037700,22700,no
187,SELL,-0.443569,21:07:23.356191480,no,-,-,-,-,10.000000,0.100000,0.603066,2,1,1329,2271,10.000000,10.007500,22700,no
188,SELL,-0.166045,21:07:23.356191480,no,-,-,-,-,9.090909,0.110000,0.603066,2,1,1334,2266,10.000000,9.970000,22700,no
189,SELL,-0.339238,21:07:23.356191480,no,-,-,-,-,8.264463,0.121000,0.603066,2,1,1337,2263,10.000000,9.947600,22700,no
190,SELL,-0.486592,21:07:23.356191480,no,-,-,-,-,7.513148,0.133100,0.603066,2,1,1351,2249,10.000000,9.844500,22700,no
191,SELL,-0.474850,21:07:23.356191480,no,-,-,-,-,6.830135,0.146410,0.603066,2,1,1354,2246,10.000000,9.822700,22700,no
192,SELL,-0.227654,21:07:23.356191480,no,-,-,-,-,6.209213,0.161051,0.603066,2,1,1357,2243,10.000000,9.801000,22700,no
193,SELL,-0.182066,21:07:23.356191480,no,-,-,-,-,5.644739,0.177156,0.603066,2,1,1361,2239,10.000000,9.772200,22700,no
194,SELL,-0.403463,21:07:23.356191480,no,-,-,-,-,5.131581,0.194872,0.603066,2,1,1364,2236,10.000000,9.750700,22700,no
195,SELL,-0.555742,21:07:23.356191480,no,-,-,-,-,4.665074,0.214359,0.603066,2,1,1368,2232,10.000000,9.722200,22700,no
196,SELL,-0.772310,21:07:23.356191480,no,-,-,-,-,4.240976,0.235795,0.603066,2,1,1374,2226,10.000000,9.679700,22700,no
197,SELL,-0.706349,21:07:23.356191480,no,-,-,-,-,3.855433,0.259374,0.603066,2,1,1378,2222,10.000000,9.651600,22700,no
198,SELL,-0.717481,21:07:23.356191480,no,-,-,-,-,3.504939,0.285312,0.603066,2,1,1385,2215,10.000000,9.602800,22700,no
199,SELL,0.158110,21:07:23.356191480,no,-,-,-,-,3.186308,0.313843,0.603066,2,1,1431,2169,10.000000,9.294100,22700,no
200,SELL,0.146562,21:07:23.356191480,no,-,-,-,-,2.896644,0.345227,0.603066,2,1,1437,2163,10.000000,9.255300,22700,no
201,SELL,0.749434,21:07:23.356191480,no,-,-,-,-,2.633313,0.379750,0.603066,2,1,1490,2110,10.000000,8.926100,22700,no
202,SELL,0.516824,21:07:23.356191480,no,-,-,-,-,2.393920,0.417725,0.603066,2,1,1494,2106,10.000000,8.902200,22700,no
203,SELL,0.190402,21:07:23.356191480,no,-,-,-,-,2.176291,0.459497,0.603066,2,1,1551,2049,10.000000,8.575100,22700,no
204,SELL,0.187009,21:07:23.356191480,no,-,-,-,-,1.978447,0.505447,0.603066,2,1,1553,2047,10.000000,8.564000,22700,no
205,SELL,0.178180,21:07:23.356191480,no,-,-,-,-,1.798588,0.555992,0.603066,2,1,1559,2041,10.000000,8.531100,22700,no
206,SELL,0.061158,21:07:23.356191480,no,-,-,-,-,1.635080,0.611591,0.603066,2,1,1562,2038,10.000000,8.514700,22700,no
207,SELL,0.369999,21:07:23.356191480,no,-,-,-,-,1.486436,0.672750,0.603066,2,1,1564,2036,10.000000,8.503800,22700,no
208,SELL,-0.116241,21:07:23.356191480,no,-,-,-,-,1.351306,0.740025,0.603066,2,1,1567,2033,10.000000,8.487500,22700,no
209,SELL,0.142332,21:07:23.356191480,no,-,-,-,-,1.228460,0.814027,0.603066,2,1,1571,2029,10.000000,8.465900,22700,no
210,SELL,0.097934,21:07:23.356191480,no,-,-,-,-,1.116782,0.895430,0.603066,2,1,1576,2024,10.000000,8.439000,22700,no
211,SELL,0.266236,21:07:23.356191480,no,-,-,-,-,1.015256,0.984973,0.603066,2,1,1579,2021,10.000000,8.423000,22700,no
212,SELL,0.316393,21:07:23.356191480,no,-,-,-,-,0.922960,1.083471,0.603066,2,1,1583,2017,10.000000,8.401700,22700,no
213,SELL,0.182137,21:07:23.356191480,no,-,-,-,-,0.839055,1.191818,0.603066,2,1,1587,2013,10.000000,8.380500,22700,no
214,SELL,0.197752,21:07:23.356191480,no,-,-,-,-,0.762777,1.310999,0.603066,2,1,1592,2008,10.000000,8.354200,22700,no
215,SELL,-0.584333,21:07:23.356191480,yes,17.230000,bid1,100,00:00:00.000036957,0.693433,1.442099,0.603066,2,1,1626,1974,10.000000,8.179500,22700,no
216,SELL,-0.329484,21:07:23.356191480,no,-,-,-,-,0.630394,1.586309,0.603066,2,1,1630,1970,10.000000,8.159500,22700,no
217,SELL,-0.186788,21:07:23.356191480,no,-,-,-,-,0.573086,1.744940,0.603066,2,1,1667,1933,10.000000,7.978400,22700,no
218,SELL,-0.589307,21:07:23.356191480,yes,17.250000,bid1,22700,00:00:00.000023898,0.520987,1.919434,0.603066,2,1,4926,-1326,10.000000,2.699900,22700,yes
219,SELL,1.170287,21:07:23.356191480,yes,17.259900,ask1,22700,00:00:00.000025693,0.473624,2.111378,0.603066,2,1,4929,-1329,10.000000,2.698300,22700,yes
220,SELL,0.749860,21:07:23.356191480,yes,17.270000,ask1,22700,00:00:00.000024833,0.430568,2.322515,0.603066,2,1,4934,-1334,10.000000,2.695500,22700,yes
221,SELL,1.444781,21:07:23.356191480,yes,17.259900,ask1,22700,00:00:00.000033616,0.391425,2.554767,0.603066,2,1,4937,-1337,10.000000,2.693900,22700,yes
222,SELL,1.134681,21:07:23.356191480,yes,17.270000,ask1,22700,00:00:00.000025019,0.355841,2.810244,0.603066,2,1,4941,-1341,10.000000,2.691700,22700,yes
223,SELL,1.181767,21:07:23.356191480,yes,17.279900,ask1,22700,00:00:00.000025102,0.323492,3.091268,0.603066,2,1,4946,-1346,10.000000,2.689000,22700,yes
224,SELL,-0.498808,21:07:23.356191480,yes,17.259900,bid1,22700,00:00:00.000025413,0.294083,3.400395,0.603066,2,1,4948,-1348,10.000000,2.687900,22700,yes
225,SELL,0.834724,21:07:23.356191480,yes,17.270000,ask1,22700,00:00:00.000025789,0.267349,3.740434,0.603066,2,1,4953,-1353,10.000000,2.685200,22700,yes
226,SELL,1.067792,21:07:23.356191480,yes,17.270000,ask1,22700,00:00:00.000025592,0.243044,4.114478,0.603066,2,1,4957,-1357,10.000000,2.683000,22700,yes
227,SELL,1.208831,21:07:23.356191480,yes,17.270000,ask1,22700,00:00:00.000024031,0.220949,4.525926,0.603066,2,1,4960,-1360,10.000000,2.681400,22700,yes
228,SELL,1.153928,21:07:23.356191480,yes,17.270000,ask1,22700,00:00:00.000024471,0.200863,4.978518,0.603066,2,1,4964,-1364,10.000000,2.679200,22700,yes
229,SELL,0.861236,21:07:23.356191480,yes,17.270000,ask1,22700,00:00:00.000023522,0.182603,5.476370,0.603066,2,1,4967,-1367,10.000000,2.677600,22700,yes
230,SELL,1.240817,21:07:23.356191480,yes,17.270000,ask1,22700,00:00:00.000031678,0.166002,6.024007,0.603066,2,1,4971,-1371,10.000000,2.675500,22700,yes
231,SELL,0.783972,21:07:23.356191480,yes,17.270000,ask1,22700,00:00:00.000025357,0.150911,6.626408,0.603066,2,1,4976,-1376,10.000000,2.672800,22700,yes
232,SELL,1.234715,21:07:23.356191480,yes,17.270000,ask1,22700,00:00:00.000024333,0.137192,7.289048,0.603066,2,1,4980,-1380,10.000000,2.670600,22700,yes
233,SELL,1.713067,21:07:23.356191480,yes,17.270000,ask1,22700,00:00:00.000025382,0.124720,8.017953,0.603066,2,1,4984,-1384,10.000000,2.668500,22700,yes
234,SELL,1.346414,21:07:23.356191480,yes,17.270000,ask1,22700,00:00:00.000024672,0.113382,8.819749,0.603066,2,1,4990,-1390,10.000000,2.665300,22700,yes
235,SELL,1.890452,21:07:23.356191480,no,-,-,-,-,0.103074,9.701723,0.603066,2,1,4993,-1393,10.000000,2.663700,22700,yes
236,SELL,1.283464,21:07:23.356191480,no,-,-,-,-,0.100000,10.000000,0.603066,2,1,4998,-1398,10.000000,2.661000,22700,yes
237,SELL,1.924663,21:07:23.356191480,no,-,-,-,-,0.100000,10.000000,0.603066,2,1,5003,-1403,10.000000,2.658400,22700,yes
238,SELL,1.812244,21:07:23.356191480,no,-,-,-,-,0.100000,10.000000,0.603066,2,1,5006,-1406,10.000000,2.656800,22700,yes
239,SELL,1.180652,21:07:23.356191480,no,-,-,-,-,0.100000,10.000000,0.603066,2,1,5035,-1435,10.000000,2.641500,22700,yes
240,SELL,0.644241,21:07:23.356191480,no,-,-,-,-,0.100000,10.000000,0.603066,2,1,5037,-1437,10.000000,2.640400,22700,yes
241,SELL,0.983304,21:07:23.356191480,no,-,-,-,-,0.100000,10.000000,0.603066,2,1,5040,-1440,10.000000,2.638800,22700,yes
242,SELL,0.704708,21:07:23.356191480,no,-,-,-,-,0.100000,10.000000,0.603066,2,1,5045,-1445,10.000000,2.636200,22700,yes
243,SELL,1.096812,21:07:23.356191480,no,-,-,-,-,0.100000,10.000000,0.603066,2,1,5049,-1449,10.000000,2.634100,22700,yes
