轮数,方向,预测值,算法开始时间,是否下单,下单价格,档位,下单量,下单耗时(从预测到下单),r1,r2,std,freq,qty_scalar,经过时间,剩余时间,目标速度,实际速度,剩余量,是否为最后一轮
1,SELL,-0.441789,21:07:23.356398971,no,-,-,-,-,0.909091,1.100000,0.848321,2,1,332,3268,6.250000,0.000000,22500,no
2,SELL,0.232660,21:07:23.356398971,no,-,-,-,-,0.826446,1.210000,0.848321,2,1,335,3265,6.250000,0.000000,22500,no
3,SELL,1.166536,21:07:23.356398971,no,-,-,-,-,0.751315,1.331000,0.848321,2,1,339,3261,6.250000,0.000000,22500,no
4,SELL,0.911360,21:07:23.356398971,no,-,-,-,-,0.683013,1.464100,0.848321,2,1,343,3257,6.250000,0.000000,22500,no
5,SELL,-0.432257,21:07:23.356398971,no,-,-,-,-,0.620921,1.610510,0.848321,2,1,347,3253,6.250000,0.000000,22500,no
6,SELL,0.695303,21:07:23.356398971,no,-,-,-,-,0.564474,1.771561,0.848321,2,1,350,3250,6.250000,0.000000,22500,no
7,SELL,-0.866326,21:07:23.356398971,yes,64.369900,bid1,100,00:00:00.000038874,0.513158,1.948717,0.848321,2,1,355,3245,6.250000,0.281600,22400,no
8,SELL,-1.174827,21:07:23.356398971,yes,64.340000,bid1,200,00:00:00.000038003,0.466507,2.143589,0.848321,2,1,359,3241,6.250000,0.835600,22200,no
9,SELL,-0.910474,21:07:23.356398971,yes,64.310000,bid1,200,00:00:00.000040114,0.424098,2.357948,0.848321,2,1,362,3238,6.250000,1.381200,22000,no
10,SELL,-0.489356,21:07:23.356398971,yes,64.289900,bid1,200,00:00:00.000037901,0.385543,2.593742,0.848321,2,1,366,3234,6.250000,1.912500,21800,no
11,SELL,-0.425123,21:07:23.356398971,yes,64.250000,bid1,200,00:00:00.000043222,0.350494,2.853117,0.848321,2,1,369,3231,6.250000,2.439000,21600,no
12,SELL,-1.122836,21:07:23.356398971,yes,64.300000,bid1,300,00:00:00.000039170,0.318631,3.138428,0.848321,2,1,372,3228,6.250000,3.225800,21300,no
13,SELL,0.406088,21:07:23.356398971,no,-,-,-,-,0.289664,3.452271,0.848321,2,1,376,3224,6.250000,3.191400,21300,no
14,SELL,-0.873997,21:07:23.356398971,yes,64.289900,bid1,300,00:00:00.000036751,0.263331,3.797498,0.848321,2,1,380,3220,6.250000,3.947300,21000,no
15,SELL,-0.707712,21:07:23.356398971,yes,64.250000,bid1,400,00:00:00.000036087,0.239392,4.177248,0.848321,2,1,383,3217,6.250000,4.960800,20600,no
16,SELL,-0.868196,21:07:23.356398971,yes,64.250000,bid1,400,00:00:00.000037143,0.217629,4.594973,0.848321,2,1,386,3214,6.250000,5.958500,20200,no
17,SELL,-0.670767,21:07:23.356398971,yes,64.289900,bid1,500,00:00:00.000063690,0.197845,5.054470,0.848321,2,1,392,3208,6.250000,7.142800,19700,no
18,SELL,-1.199516,21:07:23.356398971,yes,64.240000,bid1,500,00:00:00.000036938,0.197845,5.054470,0.848321,2,1,396,3204,6.250000,8.333300,19200,no
19,SELL,-0.499545,21:07:23.356398971,yes,64.289900,bid1,500,00:00:00.000040484,0.197845,5.054470,0.848321,2,1,398,3202,6.250000,9.547700,18700,no
20,SELL,-0.252757,21:07:23.356398971,yes,64.319900,bid1,500,00:00:00.000041687,0.197845,5.054470,0.848321,2,1,402,3198,6.250000,10.696500,18200,no
21,SELL,0.065168,21:07:23.356398971,no,-,-,-,-,0.197845,5.054470,0.848321,2,1,406,3194,6.250000,10.591100,18200,no
22,SELL,-0.433035,21:07:23.356398971,yes,64.340000,bid1,500,00:00:00.000041106,0.197845,5.054470,0.848321,2,1,409,3191,6.250000,11.735900,17700,no
23,SELL,-0.782225,21:07:23.356398971,yes,64.330000,bid1,500,00:00:00.000036201,0.197845,5.054470,0.848321,2,1,412,3188,6.250000,12.864000,17200,no
24,SELL,0.232107,21:07:23.356398971,no,-,-,-,-,0.217629,4.594973,0.848321,2,1,416,3184,6.250000,12.740300,17200,no
25,SELL,0.487128,21:07:23.356398971,no,-,-,-,-,0.239392,4.177248,0.848321,2,1,421,3179,6.250000,12.589000,17200,no
26,SELL,-0.652235,21:07:23.356398971,yes,64.360000,bid1,400,00:00:00.000038130,0.239392,4.177248,0.848321,2,1,426,3174,6.250000,13.380200,16800,no
27,SELL,0.416529,21:07:23.356398971,no,-,-,-,-,0.263331,3.797498,0.848321,2,1,431,3169,6.250000,13.225000,16800,no
28,SELL,-0.245138,21:07:23.356398971,no,-,-,-,-,0.289664,3.452271,0.848321,2,1,436,3164,6.250000,13.073300,16800,no
29,SELL,1.244332,21:07:23.356398971,no,-,-,-,-,0.318631,3.138428,0.848321,2,1,440,3160,6.250000,12.954500,16800,no
30,SELL,-0.315008,21:07:23.356398971,yes,64.480000,bid1,200,00:00:00.000039426,0.350494,2.853117,0.848321,2,1,444,3156,6.250000,13.288200,16600,no
31,SELL,0.354761,21:07:23.356398971,no,-,-,-,-,0.385543,2.593742,0.848321,2,1,447,3153,6.250000,13.199100,16600,no
32,SELL,-0.579179,21:07:23.356398971,yes,64.490000,bid1,200,00:00:00.000036979,0.424098,2.357948,0.848321,2,1,451,3149,6.250000,13.525400,16400,no
33,SELL,1.650168,21:07:23.356398971,no,-,-,-,-,0.466507,2.143589,0.848321,2,1,456,3144,6.250000,13.377100,16400,no
34,SELL,1.844290,21:07:23.356398971,no,-,-,-,-,0.513158,1.948717,0.848321,2,1,459,3141,6.250000,13.289700,16400,no
35,SELL,0.928811,21:07:23.356398971,no,-,-,-,-,0.564474,1.771561,0.848321,2,1,464,3136,6.250000,13.146500,16400,no
36,SELL,0.608168,21:07:23.356398971,no,-,-,-,-,0.620921,1.610510,0.848321,2,1,466,3134,6.250000,13.090100,16400,no
37,SELL,-0.539190,21:07:23.356398971,no,-,-,-,-,0.683013,1.464100,0.848321,2,1,470,3130,6.250000,12.978700,16400,no
38,SELL,-0.867247,21:07:23.356398971,yes,64.660000,bid1,100,00:00:00.000045249,0.751315,1.331000,0.848321,2,1,474,3126,6.250000,13.080100,16300,no
39,SELL,0.016856,21:07:23.356398971,no,-,-,-,-,0.826446,1.210000,0.848321,2,1,479,3121,6.250000,12.943600,16300,no
40,SELL,-0.302824,21:07:23.356398971,no,-,-,-,-,0.909091,1.100000,0.848321,2,1,482,3118,6.250000,12.863000,16300,no
41,SELL,-0.728390,21:07:23.356398971,no,-,-,-,-,1.000000,1.000000,0.848321,2,1,486,3114,6.250000,12.757200,16300,no
42,SELL,-0.558064,21:07:23.356398971,no,-,-,-,-,1.100000,0.909091,0.848321,2,1,489,3111,6.250000,12.678900,16300,no
43,SELL,0.895775,21:07:23.356398971,no,-,-,-,-,1.210000,0.826446,0.848321,2,1,494,3106,6.250000,12.550600,16300,no
44,SELL,0.391618,21:07:23.356398971,no,-,-,-,-,1.210000,0.826446,0.848321,2,1,501,3099,6.250000,12.375200,16300,no
45,SELL,-1.100537,21:07:23.356398971,no,-,-,-,-,1.210000,0.826446,0.848321,2,1,504,3096,6.250000,12.301500,16300,no
46,SELL,-0.609685,21:07:23.356398971,no,-,-,-,-,1.210000,0.826446,0.848321,2,1,508,3092,6.250000,12.204700,16300,no
47,SELL,-1.527013,21:07:23.356398971,no,-,-,-,-,1.210000,0.826446,0.848321,2,1,512,3088,6.250000,12.109300,16300,no
48,SELL,-1.396909,21:07:23.356398971,no,-,-,-,-,1.210000,0.826446,0.848321,2,1,517,3083,6.250000,11.992200,16300,no
49,SELL,-1.580085,21:07:23.356398971,no,-,-,-,-,1.210000,0.826446,0.848321,2,1,521,3079,6.250000,11.900100,16300,no
50,SELL,-0.702857,21:07:23.356398971,no,-,-,-,-,1.210000,0.826446,0.848321,2,1,526,3074,6.250000,11.787000,16300,no
51,SELL,-0.993581,21:07:23.356398971,no,-,-,-,-,1.210000,0.826446,0.848321,2,1,529,3071,6.250000,11.720200,16300,no
52,SELL,-0.366511,21:07:23.356398971,no,-,-,-,-,1.210000,0.826446,0.848321,2,1,534,3066,6.250000,11.610400,16300,no
53,SELL,-0.520202,21:07:23.356398971,no,-,-,-,-,1.210000,0.826446,0.848321,2,1,538,3062,6.250000,11.524100,16300,no
54,SELL,-0.803668,21:07:23.356398971,no,-,-,-,-,1.210000,0.826446,0.848321,2,1,544,3056,6.250000,11.397000,16300,no
55,SELL,-0.240767,21:07:23.356398971,no,-,-,-,-,1.210000,0.826446,0.848321,2,1,552,3048,6.250000,11.231800,16300,no
56,SELL,-0.528651,21:07:23.356398971,no,-,-,-,-,1.210000,0.826446,0.848321,2,1,556,3044,6.250000,11.151000,16300,no
57,SELL,-0.672013,21:07:23.356398971,no,-,-,-,-,1.210000,0.826446,0.848321,2,1,561,3039,6.250000,11.051600,16300,no
58,SELL,0.200201,21:07:23.356398971,no,-,-,-,-,1.210000,0.826446,0.848321,2,1,566,3034,6.250000,10.954000,16300,no
59,SELL,0.667741,21:07:23.356398971,no,-,-,-,-,1.210000,0.826446,0.848321,2,1,570,3030,6.250000,10.877100,16300,no
60,SELL,0.065377,21:07:23.356398971,no,-,-,-,-,1.210000,0.826446,0.848321,2,1,575,3025,6.250000,10.782600,16300,no
61,SELL,0.366251,21:07:23.356398971,no,-,-,-,-,1.210000,0.826446,0.848321,2,1,578,3022,6.250000,10.726600,16300,no
62,SELL,0.993977,21:07:23.356398971,no,-,-,-,-,1.210000,0.826446,0.848321,2,1,583,3017,6.250000,10.634600,16300,no
63,SELL,1.904478,21:07:23.356398971,no,-,-,-,-,1.210000,0.826446,0.848321,2,1,586,3014,6.250000,10.580200,16300,no
64,SELL,1.219416,21:07:23.356398971,no,-,-,-,-,1.210000,0.826446,0.848321,2,1,590,3010,6.250000,10.508400,16300,no
65,SELL,2.016508,21:07:23.356398971,no,-,-,-,-,1.210000,0.826446,0.848321,2,1,594,3006,6.250000,10.437700,16300,no
66,SELL,2.126749,21:07:23.356398971,no,-,-,-,-,1.210000,0.826446,0.848321,2,1,599,3001,6.250000,10.350500,16300,no
67,SELL,1.576436,21:07:23.356398971,no,-,-,-,-,1.210000,0.826446,0.848321,2,1,604,2996,6.250000,10.264900,16300,no
68,SELL,1.703811,21:07:23.356398971,no,-,-,-,-,1.210000,0.826446,0.848321,2,1,606,2994,6.250000,10.231000,16300,no
69,SELL,0.509659,21:07:23.356398971,no,-,-,-,-,1.210000,0.826446,0.848321,2,1,610,2990,6.250000,10.163900,16300,no
70,SELL,0.037798,21:07:23.356398971,no,-,-,-,-,1.210000,0.826446,0.848321,2,1,613,2987,6.250000,10.114100,16300,no
71,SELL,0.060566,21:07:23.356398971,no,-,-,-,-,1.210000,0.826446,0.848321,2,1,617,2983,6.250000,10.048600,16300,no
72,SELL,0.257833,21:07:23.356398971,no,-,-,-,-,1.210000,0.826446,0.848321,2,1,620,2980,6.250000,10.000000,16300,no
73,SELL,0.842418,21:07:23.356398971,no,-,-,-,-,1.210000,0.826446,0.848321,2,1,624,2976,6.250000,9.935800,16300,no
74,SELL,0.449559,21:07:23.356398971,no,-,-,-,-,1.210000,0.826446,0.848321,2,1,629,2971,6.250000,9.856900,16300,no
75,SELL,0.689137,21:07:23.356398971,no,-,-,-,-,1.210000,0.826446,0.848321,2,1,633,2967,6.250000,9.794600,16300,no
76,SELL,1.092230,21:07:23.356398971,no,-,-,-,-,1.210000,0.826446,0.848321,2,1,637,2963,6.250000,9.733100,16300,no
77,SELL,1.501561,21:07:23.356398971,no,-,-,-,-,1.210000,0.826446,0.848321,2,1,640,2960,6.250000,9.687500,16300,no
78,SELL,1.740290,21:07:23.356398971,no,-,-,-,-,1.210000,0.826446,0.848321,2,1,642,2958,6.250000,9.657300,16300,no
79,SELL,1.237385,21:07:23.356398971,no,-,-,-,-,1.210000,0.826446,0.848321,2,1,644,2956,6.250000,9.627300,16300,no
80,SELL,0.998879,21:07:23.356398971,no,-,-,-,-,1.210000,0.826446,0.848321,2,1,648,2952,6.250000,9.567900,16300,no
81,SELL,1.136542,21:07:23.356398971,no,-,-,-,-,1.210000,0.826446,0.848321,2,1,651,2949,6.250000,9.523800,16300,no
82,SELL,1.233799,21:07:23.356398971,no,-,-,-,-,1.210000,0.826446,0.848321,2,1,655,2945,6.250000,9.465600,16300,no
83,SELL,0.625899,21:07:23.356398971,no,-,-,-,-,1.210000,0.826446,0.848321,2,1,658,2942,6.250000,9.422400,16300,no
84,SELL,0.307605,21:07:23.356398971,no,-,-,-,-,1.210000,0.826446,0.848321,2,1,662,2938,6.250000,9.365500,16300,no
85,SELL,-0.238542,21:07:23.356398971,no,-,-,-,-,1.210000,0.826446,0.848321,2,1,667,2933,6.250000,9.295300,16300,no
86,SELL,-0.317206,21:07:23.356398971,no,-,-,-,-,1.210000,0.826446,0.848321,2,1,669,2931,6.250000,9.267500,16300,no
87,SELL,0.192986,21:07:23.356398971,no,-,-,-,-,1.210000,0.826446,0.848321,2,1,673,2927,6.250000,9.212400,16300,no
88,SELL,-0.107445,21:07:23.356398971,no,-,-,-,-,1.210000,0.826446,0.848321,2,1,676,2924,6.250000,9.171500,16300,no
89,SELL,-0.579601,21:07:23.356398971,no,-,-,-,-,1.210000,0.826446,0.848321,2,1,680,2920,6.250000,9.117600,16300,no
90,SELL,-0.841517,21:07:23.356398971,no,-,-,-,-,1.210000,0.826446,0.848321,2,1,683,2917,6.250000,9.077500,16300,no
91,SELL,0.472955,21:07:23.356398971,no,-,-,-,-,1.210000,0.826446,0.848321,2,1,686,2914,6.250000,9.037900,16300,no
92,SELL,0.355264,21:07:23.356398971,no,-,-,-,-,1.210000,0.826446,0.848321,2,1,690,2910,6.250000,8.985500,16300,no
93,SELL,-0.380260,21:07:23.356398971,no,-,-,-,-,1.210000,0.826446,0.848321,2,1,694,2906,6.250000,8.933700,16300,no
94,SELL,0.508894,21:07:23.356398971,no,-,-,-,-,1.210000,0.826446,0.848321,2,1,697,2903,6.250000,8.895200,16300,no
95,SELL,0.258239,21:07:23.356398971,no,-,-,-,-,1.210000,0.826446,0.848321,2,1,701,2899,6.250000,8.844500,16300,no
96,SELL,0.011678,21:07:23.356398971,no,-,-,-,-,1.210000,0.826446,0.848321,2,1,705,2895,6.250000,8.794300,16300,no
97,SELL,0.127026,21:07:23.356398971,no,-,-,-,-,1.210000,0.826446,0.848321,2,1,706,2894,6.250000,8.781800,16300,no
98,SELL,0.773759,21:07:23.356398971,no,-,-,-,-,1.210000,0.826446,0.848321,2,1,710,2890,6.250000,8.732300,16300,no
99,SELL,-0.303833,21:07:23.356398971,no,-,-,-,-,1.210000,0.826446,0.848321,2,1,714,2886,6.250000,8.683400,16300,no
100,SELL,-0.270615,21:07:23.356398971,no,-,-,-,-,1.210000,0.826446,0.848321,2,1,716,2884,6.250000,8.659200,16300,no
101,SELL,0.578513,21:07:23.356398971,no,-,-,-,-,1.210000,0.826446,0.848321,2,1,718,2882,6.250000,8.635000,16300,no
102,SELL,0.026589,21:07:23.356398971,no,-,-,-,-,1.210000,0.826446,0.848321,2,1,722,2878,6.250000,8.587200,16300,no
103,SELL,0.605557,21:07:23.356398971,no,-,-,-,-,1.210000,0.826446,0.848321,2,1,725,2875,6.250000,8.551700,16300,no
104,SELL,-0.761734,21:07:23.356398971,no,-,-,-,-,1.210000,0.826446,0.848321,2,1,729,2871,6.250000,8.504800,16300,no
105,SELL,-0.433210,21:07:23.356398971,no,-,-,-,-,1.210000,0.826446,0.848321,2,1,732,2868,6.250000,8.469900,16300,no
106,SELL,-0.908250,21:07:23.356398971,no,-,-,-,-,1.210000,0.826446,0.848321,2,1,738,2862,6.250000,8.401000,16300,no
107,SELL,-0.842955,21:07:23.356398971,no,-,-,-,-,1.210000,0.826446,0.848321,2,1,742,2858,6.250000,8.355700,16300,no
108,SELL,-0.395206,21:07:23.356398971,no,-,-,-,-,1.210000,0.826446,0.848321,2,1,749,2851,6.250000,8.277700,16300,no
109,SELL,-0.338448,21:07:23.356398971,no,-,-,-,-,1.210000,0.826446,0.848321,2,1,755,2845,6.250000,8.211900,16300,no
110,SELL,-1.043293,21:07:23.356398971,no,-,-,-,-,1.210000,0.826446,0.848321,2,1,759,2841,6.250000,8.168600,16300,no
111,SELL,0.485872,21:07:23.356398971,no,-,-,-,-,1.210000,0.826446,0.848321,2,1,763,2837,6.250000,8.125800,16300,no
112,SELL,1.844442,21:07:23.356398971,no,-,-,-,-,1.210000,0.826446,0.848321,2,1,766,2834,6.250000,8.093900,16300,no
113,SELL,1.969245,21:07:23.356398971,no,-,-,-,-,1.210000,0.826446,0.848321,2,1,770,2830,6.250000,8.051900,16300,no
114,SELL,1.469862,21:07:23.356398971,no,-,-,-,-,1.210000,0.826446,0.848321,2,1,773,2827,6.250000,8.020600,16300,no
115,SELL,1.367721,21:07:23.356398971,no,-,-,-,-,1.210000,0.826446,0.848321,2,1,776,2824,6.250000,7.989600,16300,no
116,SELL,0.993285,21:07:23.356398971,no,-,-,-,-,1.210000,0.826446,0.848321,2,1,781,2819,6.250000,7.938500,16300,no
117,SELL,1.362489,21:07:23.356398971,no,-,-,-,-,1.210000,0.826446,0.848321,2,1,784,2816,6.250000,7.908100,16300,no
118,SELL,1.272259,21:07:23.356398971,no,-,-,-,-,1.210000,0.826446,0.848321,2,1,786,2814,6.250000,7.888000,16300,no
119,SELL,0.203997,21:07:23.356398971,no,-,-,-,-,1.210000,0.826446,0.848321,2,1,789,2811,6.250000,7.858000,16300,no
120,SELL,0.369559,21:07:23.356398971,no,-,-,-,-,1.210000,0.826446,0.848321,2,1,792,2808,6.250000,7.828200,16300,no
121,SELL,0.246524,21:07:23.356398971,no,-,-,-,-,1.210000,0.826446,0.848321,2,1,795,2805,6.250000,7.798700,16300,no
122,SELL,1.155701,21:07:23.356398971,no,-,-,-,-,1.210000,0.826446,0.848321,2,1,798,2802,6.250000,7.769400,16300,no
123,SELL,0.660880,21:07:23.356398971,no,-,-,-,-,1.210000,0.826446,0.848321,2,1,802,2798,6.250000,7.730600,16300,no
124,SELL,0.846904,21:07:23.356398971,no,-,-,-,-,1.210000,0.826446,0.848321,2,1,806,2794,6.250000,7.692300,16300,no
125,SELL,0.632812,21:07:23.356398971,no,-,-,-,-,1.210000,0.826446,0.848321,2,1,810,2790,6.250000,7.654300,16300,no
126,SELL,0.986812,21:07:23.356398971,no,-,-,-,-,1.210000,0.826446,0.848321,2,1,813,2787,6.250000,7.626000,16300,no
127,SELL,0.580189,21:07:23.356398971,no,-,-,-,-,1.210000,0.826446,0.848321,2,1,818,2782,6.250000,7.579400,16300,no
128,SELL,-0.158855,21:07:23.356398971,no,-,-,-,-,1.210000,0.826446,0.848321,2,1,821,2779,6.250000,7.551700,16300,no
129,SELL,-0.376475,21:07:23.356398971,no,-,-,-,-,1.210000,0.826446,0.848321,2,1,825,2775,6.250000,7.515100,16300,no
130,SELL,-0.425466,21:07:23.356398971,no,-,-,-,-,1.210000,0.826446,0.848321,2,1,828,2772,6.250000,7.487900,16300,no
131,SELL,-0.832646,21:07:23.356398971,no,-,-,-,-,1.210000,0.826446,0.848321,2,1,831,2769,6.250000,7.460800,16300,no
132,SELL,1.042945,21:07:23.356398971,no,-,-,-,-,1.210000,0.826446,0.848321,2,1,835,2765,6.250000,7.425100,16300,no
133,SELL,1.102436,21:07:23.356398971,no,-,-,-,-,1.210000,0.826446,0.848321,2,1,837,2763,6.250000,7.407400,16300,no
134,SELL,0.758618,21:07:23.356398971,no,-,-,-,-,1.210000,0.826446,0.848321,2,1,841,2759,6.250000,7.372100,16300,no
135,SELL,1.673079,21:07:23.356398971,no,-,-,-,-,1.210000,0.826446,0.848321,2,1,844,2756,6.250000,7.345900,16300,no
136,SELL,0.362282,21:07:23.356398971,no,-,-,-,-,1.210000,0.826446,0.848321,2,1,848,2752,6.250000,7.311300,16300,no
137,SELL,0.470596,21:07:23.356398971,no,-,-,-,-,1.210000,0.826446,0.848321,2,1,850,2750,6.250000,7.294100,16300,no
138,SELL,0.301020,21:07:23.356398971,no,-,-,-,-,1.210000,0.826446,0.848321,2,1,854,2746,6.250000,7.259900,16300,no
139,SELL,0.319849,21:07:23.356398971,no,-,-,-,-,1.210000,0.826446,0.848321,2,1,858,2742,6.250000,7.226100,16300,no
140,SELL,0.704856,21:07:23.356398971,no,-,-,-,-,1.210000,0.826446,0.848321,2,1,860,2740,6.250000,7.209300,16300,no
141,SELL,0.532937,21:07:23.356398971,no,-,-,-,-,1.210000,0.826446,0.848321,2,1,863,2737,6.250000,7.184200,16300,no
142,SELL,0.879855,21:07:23.356398971,no,-,-,-,-,1.210000,0.826446,0.848321,2,1,867,2733,6.250000,7.151000,16300,no
143,SELL,0.313044,21:07:23.356398971,no,-,-,-,-,1.210000,0.826446,0.848321,2,1,870,2730,6.250000,7.126400,16300,no
144,SELL,0.369841,21:07:23.356398971,no,-,-,-,-,1.210000,0.826446,0.848321,2,1,875,2725,6.250000,7.085700,16300,no
145,SELL,-0.182234,21:07:23.356398971,no,-,-,-,-,1.210000,0.826446,0.848321,2,1,877,2723,6.250000,7.069500,16300,no
146,SELL,-0.843382,21:07:23.356398971,no,-,-,-,-,1.210000,0.826446,0.848321,2,1,881,2719,6.250000,7.037400,16300,no
147,SELL,-1.073341,21:07:23.356398971,no,-,-,-,-,1.210000,0.826446,0.848321,2,1,884,2716,6.250000,7.013500,16300,no
148,SELL,-0.916748,21:07:23.356398971,no,-,-,-,-,1.210000,0.826446,0.848321,2,1,887,2713,6.250000,6.989800,16300,no
149,SELL,-0.759026,21:07:23.356398971,no,-,-,-,-,1.210000,0.826446,0.848321,2,1,892,2708,6.250000,6.950600,16300,no
150,SELL,-0.639178,21:07:23.356398971,no,-,-,-,-,1.210000,0.826446,0.848321,2,1,895,2705,6.250000,6.927300,16300,no
151,SELL,-0.803748,21:07:23.356398971,no,-,-,-,-,1.210000,0.826446,0.848321,2,1,898,2702,6.250000,6.904200,16300,no
152,SELL,-0.891448,21:07:23.356398971,no,-,-,-,-,1.210000,0.826446,0.848321,2,1,902,2698,6.250000,6.873600,16300,no
153,SELL,-0.948346,21:07:23.356398971,no,-,-,-,-,1.210000,0.826446,0.848321,2,1,904,2696,6.250000,6.858400,16300,no
154,SELL,-0.692889,21:07:23.356398971,no,-,-,-,-,1.210000,0.826446,0.848321,2,1,907,2693,6.250000,6.835700,16300,no
155,SELL,-0.511240,21:07:23.356398971,no,-,-,-,-,1.210000,0.826446,0.848321,2,1,909,2691,6.250000,6.820600,16300,no
156,SELL,-1.282142,21:07:23.356398971,no,-,-,-,-,1.100000,0.909091,0.848321,2,1,1189,2411,6.250000,5.214400,16300,no
157,SELL,-0.290435,21:07:23.356398971,no,-,-,-,-,1.000000,1.000000,0.848321,2,1,1193,2407,6.250000,5.196900,16300,no
158,SELL,-0.476911,21:07:23.356398971,no,-,-,-,-,0.909091,1.100000,0.848321,2,1,1197,2403,6.250000,5.179600,16300,no
159,SELL,0.560907,21:07:23.356398971,no,-,-,-,-,0.826446,1.210000,0.848321,2,1,1201,2399,6.250000,5.162300,16300,no
160,SELL,1.112558,21:07:23.356398971,no,-,-,-,-,0.751315,1.331000,0.848321,2,1,1205,2395,6.250000,5.145200,16300,no
161,SELL,1.118820,21:07:23.356398971,no,-,-,-,-,0.683013,1.464100,0.848321,2,1,1212,2388,6.250000,5.115500,16300,no
162,SELL,-0.036598,21:07:23.356398971,no,-,-,-,-,0.620921,1.610510,0.848321,2,1,1219,2381,6.250000,5.086100,16300,no
163,SELL,0.569665,21:07:23.356398971,no,-,-,-,-,0.564474,1.771561,0.848321,2,1,1224,2376,6.250000,5.065300,16300,no
164,SELL,2.130962,21:07:23.356398971,no,-,-,-,-,0.513158,1.948717,0.848321,2,1,1230,2370,6.250000,5.040600,16300,no
165,SELL,2.486406,21:07:23.356398971,no,-,-,-,-,0.466507,2.143589,0.848321,2,1,1233,2367,6.250000,5.028300,16300,no
166,SELL,1.933335,21:07:23.356398971,no,-,-,-,-,0.424098,2.357948,0.848321,2,1,1237,2363,6.250000,5.012100,16300,no
167,SELL,1.923295,21:07:23.356398971,no,-,-,-,-,0.385543,2.593742,0.848321,2,1,1242,2358,6.250000,4.991900,16300,no
168,SELL,0.958179,21:07:23.356398971,no,-,-,-,-,0.350494,2.853117,0.848321,2,1,1247,2353,6.250000,4.971900,16300,no
169,SELL,1.655010,21:07:23.356398971,no,-,-,-,-,0.318631,3.138428,0.848321,2,1,1251,2349,6.250000,4.956000,16300,no
170,SELL,1.936481,21:07:23.356398971,no,-,-,-,-,0.289664,3.452271,0.848321,2,1,1254,2346,6.250000,4.944100,16300,no
171,SELL,1.885958,21:07:23.356398971,no,-,-,-,-,0.263331,3.797498,0.848321,2,1,1258,2342,6.250000,4.928400,16300,no
172,SELL,-0.276070,21:07:23.356398971,yes,64.910000,bid1,400,00:00:00.000036846,0.239392,4.177248,0.848321,2,1,1263,2337,6.250000,4.908900,16300,no
173,SELL,-0.732458,21:07:23.356398971,yes,65.060000,bid1,400,00:00:00.000036949,0.217629,4.594973,0.848321,2,1,1267,2333,6.250000,4.893400,16300,no
174,SELL,0.769663,21:07:23.356398971,no,-,-,-,-,0.197845,5.054470,0.848321,2,1,1271,2329,6.250000,4.878000,16300,no
175,SELL,0.596014,21:07:23.356398971,no,-,-,-,-,0.179859,5.559917,0.848321,2,1,1275,2325,6.250000,4.862700,16300,no
176,SELL,1.770095,21:07:23.356398971,no,-,-,-,-,0.163508,6.115909,0.848321,2,1,1278,2322,6.250000,4.851300,16300,no
177,SELL,1.921947,21:07:23.356398971,no,-,-,-,-,0.148644,6.727500,0.848321,2,1,1282,2318,6.250000,4.836100,16300,no
178,SELL,2.044445,21:07:23.356398971,no,-,-,-,-,0.135131,7.400250,0.848321,2,1,1286,2314,6.250000,4.821100,16300,no
179,SELL,2.880942,21:07:23.356398971,no,-,-,-,-,0.122846,8.140275,0.848321,2,1,1290,2310,6.250000,4.806200,16300,no
180,SELL,1.228529,21:07:23.356398971,no,-,-,-,-,0.111678,8.954302,0.848321,2,1,1296,2304,6.250000,4.783900,16300,no
181,SELL,2.132009,21:07:23.356398971,no,-,-,-,-,0.101526,9.849733,0.848321,2,1,1299,2301,6.250000,4.772900,16300,no
182,SELL,0.090852,21:07:23.356398971,no,-,-,-,-,0.100000,10.000000,0.848321,2,1,1303,2297,6.250000,4.758200,16300,no
183,SELL,0.565101,21:07:23.356398971,no,-,-,-,-,0.100000,10.000000,0.848321,2,1,1308,2292,6.250000,4.740000,16300,no
184,SELL,-0.569325,21:07:23.356398971,yes,65.160000,bid1,1000,00:00:00.000036470,0.100000,10.000000,0.848321,2,1,1312,2288,6.250000,4.725600,16300,no
185,SELL,0.321992,21:07:23.356398971,no,-,-,-,-,0.100000,10.000000,0.848321,2,1,1315,2285,6.250000,4.714800,16300,no
186,SELL,1.165236,21:07:23.356398971,no,-,-,-,-,0.100000,10.000000,0.848321,2,1,1319,2281,6.250000,4.700500,16300,no
187,SELL,-0.945948,21:07:23.356398971,yes,65.130000,bid1,1000,00:00:00.000036692,0.100000,10.000000,0.848321,2,1,1325,2275,6.250000,4.679200,16300,no
188,SELL,-5.092681,21:07:23.356398971,yes,65.119900,bid1,1000,00:00:00.000035811,0.100000,10.000000,0.848321,2,1,1329,2271,6.250000,4.665100,16300,no
189,SELL,-5.635306,21:07:23.356398971,yes,65.149900,bid1,1000,00:00:00.000036931,0.100000,10.000000,0.848321,2,1,1334,2266,6.250000,4.647600,16300,no
190,SELL,-5.011961,21:07:23.356398971,yes,65.179900,bid1,1000,00:00:00.000038672,0.100000,10.000000,0.848321,2,1,1342,2258,6.250000,4.619900,16300,no
191,SELL,-5.534005,21:07:23.356398971,yes,65.170000,bid1,1000,00:00:00.000036710,0.100000,10.000000,0.848321,2,1,1347,2253,6.250000,4.602800,16300,no
192,SELL,-6.824864,21:07:23.356398971,yes,65.170000,bid1,1000,00:00:00.000037413,0.100000,10.000000,0.848321,2,1,1351,2249,6.250000,4.589100,16300,no
193,SELL,-5.562949,21:07:23.356398971,yes,65.170000,bid1,1000,00:00:00.000036426,0.100000,10.000000,0.848321,2,1,1354,2246,6.250000,4.579000,16300,no
194,SELL,-5.185920,21:07:23.356398971,yes,65.190000,bid1,1000,00:00:00.000036519,0.100000,10.000000,0.848321,2,1,1357,2243,6.250000,4.568900,16300,no
195,SELL,-2.206713,21:07:23.356398971,yes,65.170000,bid1,1000,00:00:00.000034261,0.100000,10.000000,0.848321,2,1,1364,2236,6.250000,4.545400,16300,no
196,SELL,-3.220823,21:07:23.356398971,yes,65.220000,bid1,1000,00:00:00.000036610,0.100000,10.000000,0.848321,2,1,1368,2232,6.250000,4.532100,16300,no
197,SELL,-1.551628,21:07:23.356398971,yes,65.289900,bid1,1000,00:00:00.000038931,0.100000,10.000000,0.848321,2,1,1374,2226,6.250000,4.512300,16300,no
198,SELL,-3.830349,21:07:23.356398971,yes,65.250000,bid1,1000,00:00:00.000037064,0.100000,10.000000,0.848321,2,1,1378,2222,6.250000,4.499200,16300,no
199,SELL,-2.680733,21:07:23.356398971,yes,65.259900,bid1,1000,00:00:00.000036876,0.100000,10.000000,0.848321,2,1,1385,2215,6.250000,4.476500,16300,no
200,SELL,-5.256838,21:07:23.356398971,yes,65.330000,bid1,1000,00:00:00.000034674,0.100000,10.000000,0.848321,2,1,1427,2173,6.250000,4.344700,16300,no
201,SELL,-4.170461,21:07:23.356398971,yes,65.340000,bid1,1000,00:00:00.000036823,0.100000,10.000000,0.848321,2,1,1437,2163,6.250000,4.314500,16300,no
202,SELL,-5.319876,21:07:23.356398971,yes,65.250000,bid1,1000,00:00:00.000036661,0.100000,10.000000,0.848321,2,1,1490,2110,6.250000,4.161000,16300,no
203,SELL,-6.372668,21:07:23.356398971,yes,65.660000,bid1,1000,00:00:00.000059684,0.100000,10.000000,0.848321,2,1,1551,2049,6.250000,3.997400,16300,no
204,SELL,-6.883327,21:07:23.356398971,yes,65.679900,bid1,1000,00:00:00.000037643,0.100000,10.000000,0.848321,2,1,1553,2047,6.250000,3.992200,16300,no
205,SELL,-4.874084,21:07:23.356398971,yes,65.740000,bid1,1000,00:00:00.000035681,0.100000,10.000000,0.848321,2,1,1562,2038,6.250000,3.969200,16300,no
206,SELL,-2.169202,21:07:23.356398971,yes,65.720000,bid1,1000,00:00:00.000035934,0.100000,10.000000,0.848321,2,1,1564,2036,6.250000,3.964100,16300,no
207,SELL,-3.728896,21:07:23.356398971,yes,65.810000,bid1,1000,00:00:00.000044498,0.100000,10.000000,0.848321,2,1,1567,2033,6.250000,3.956600,16300,no
208,SELL,-4.262582,21:07:23.356398971,yes,65.830000,bid1,1000,00:00:00.000043968,0.100000,10.000000,0.848321,2,1,1571,2029,6.250000,3.946500,16300,no
209,SELL,-5.269362,21:07:23.356398971,yes,65.850000,bid1,1000,00:00:00.000038498,0.100000,10.000000,0.848321,2,1,1576,2024,6.250000,3.934000,16300,no
210,SELL,-2.589930,21:07:23.356398971,yes,65.880000,bid1,1000,00:00:00.000039342,0.100000,10.000000,0.848321,2,1,1579,2021,6.250000,3.926500,16300,no
211,SELL,-5.101265,21:07:23.356398971,yes,65.869900,bid1,1000,00:00:00.000034756,0.100000,10.000000,0.848321,2,1,1583,2017,6.250000,3.916600,16300,no
212,SELL,-4.463125,21:07:23.356398971,yes,65.869900,bid1,1000,00:00:00.000036384,0.100000,10.000000,0.848321,2,1,1587,2013,6.250000,3.906700,16300,no
213,SELL,-5.286415,21:07:23.356398971,yes,65.869900,bid1,1000,00:00:00.000036787,0.100000,10.000000,0.848321,2,1,1592,2008,6.250000,3.894400,16300,no
214,SELL,-5.904939,21:07:23.356398971,yes,65.780000,bid1,1000,00:00:00.000035386,0.100000,10.000000,0.848321,2,1,1626,1974,6.250000,3.813000,16300,no
215,SELL,-4.109911,21:07:23.356398971,yes,65.789900,bid1,1000,00:00:00.000035346,0.100000,10.000000,0.848321,2,1,1630,1970,6.250000,3.803600,16300,no
216,SELL,-2.733162,21:07:23.356398971,yes,65.770000,bid1,1000,00:00:00.000034637,0.100000,10.000000,0.848321,2,1,1635,1965,6.250000,3.792000,16300,no
217,SELL,-2.706652,21:07:23.356398971,yes,65.899900,bid1,1000,00:00:00.000036164,0.100000,10.000000,0.848321,2,1,1655,1945,6.250000,3.746200,16300,no
218,SELL,-0.884956,21:07:23.356398971,yes,65.940000,bid1,1000,00:00:00.000036227,0.100000,10.000000,0.848321,2,1,1667,1933,6.250000,3.719200,16300,no
