轮数,方向,预测值,算法开始时间,是否下单,下单价格,档位,下单量,下单耗时(从预测到下单),r1,r2,std,freq,qty_scalar,经过时间,剩余时间,目标速度,实际速度,剩余量,是否为最后一轮
1,SELL,-0.545828,21:07:23.360991065,no,-,-,-,-,0.909091,1.100000,0.785491,2,1,332,3268,3.750000,0.000000,13500,no
2,SELL,-0.353695,21:07:23.360991065,no,-,-,-,-,0.826446,1.210000,0.785491,2,1,335,3265,3.750000,0.000000,13500,no
3,SELL,-0.526544,21:07:23.360991065,no,-,-,-,-,0.751315,1.331000,0.785491,2,1,339,3261,3.750000,0.000000,13500,no
4,SELL,-0.650085,21:07:23.360991065,yes,19.910000,bid1,100,00:00:00.000038875,0.683013,1.464100,0.785491,2,1,343,3257,3.750000,0.291500,13400,no
5,SELL,-1.239645,21:07:23.360991065,yes,19.919900,bid1,100,00:00:00.000059720,0.620921,1.610510,0.785491,2,1,347,3253,3.750000,0.576300,13300,no
6,SELL,-0.543416,21:07:23.360991065,yes,19.910000,bid1,100,00:00:00.000038290,0.564474,1.771561,0.785491,2,1,350,3250,3.750000,0.857100,13200,no
7,SELL,-0.282131,21:07:23.360991065,no,-,-,-,-,0.513158,1.948717,0.785491,2,1,355,3245,3.750000,0.845000,13200,no
8,SELL,-0.187258,21:07:23.360991065,no,-,-,-,-,0.466507,2.143589,0.785491,2,1,359,3241,3.750000,0.835600,13200,no
9,SELL,-0.277330,21:07:23.360991065,no,-,-,-,-,0.424098,2.357948,0.785491,2,1,362,3238,3.750000,0.828700,13200,no
10,SELL,-0.441611,21:07:23.360991065,yes,19.930000,bid1,200,00:00:00.000039523,0.385543,2.593742,0.785491,2,1,366,3234,3.750000,1.366100,13000,no
11,SELL,-0.827226,21:07:23.360991065,yes,19.930000,bid1,200,00:00:00.000037394,0.350494,2.853117,0.785491,2,1,369,3231,3.750000,1.897000,12800,no
12,SELL,-0.550160,21:07:23.360991065,yes,19.930000,bid1,300,00:00:00.000037413,0.318631,3.138428,0.785491,2,1,372,3228,3.750000,2.688100,12500,no
13,SELL,-1.047668,21:07:23.360991065,yes,19.939900,bid1,300,00:00:00.000036518,0.289664,3.452271,0.785491,2,1,376,3224,3.750000,3.457400,12200,no
14,SELL,-0.640489,21:07:23.360991065,yes,19.939900,bid1,300,00:00:00.000042570,0.263331,3.797498,0.785491,2,1,380,3220,3.750000,4.210500,11900,no
15,SELL,-0.619087,21:07:23.360991065,yes,19.939900,bid1,300,00:00:00.000039778,0.263331,3.797498,0.785491,2,1,383,3217,3.750000,4.960800,11600,no
16,SELL,-0.813318,21:07:23.360991065,yes,19.939900,bid1,300,00:00:00.000038235,0.263331,3.797498,0.785491,2,1,386,3214,3.750000,5.699400,11300,no
17,SELL,-0.389993,21:07:23.360991065,yes,19.950000,bid1,300,00:00:00.000039458,0.263331,3.797498,0.785491,2,1,392,3208,3.750000,6.377500,11000,no
18,SELL,-0.193860,21:07:23.360991065,no,-,-,-,-,0.263331,3.797498,0.785491,2,1,396,3204,3.750000,6.313100,11000,no
19,SELL,-0.411039,21:07:23.360991065,yes,19.950000,bid1,300,00:00:00.000041424,0.263331,3.797498,0.785491,2,1,398,3202,3.750000,7.035100,10700,no
20,SELL,-0.534051,21:07:23.360991065,yes,19.950000,bid1,300,00:00:00.000041708,0.263331,3.797498,0.785491,2,1,402,3198,3.750000,7.711400,10400,no
21,SELL,-0.475571,21:07:23.360991065,yes,19.950000,bid1,300,00:00:00.000044083,0.289664,3.452271,0.785491,2,1,406,3194,3.750000,8.374300,10100,no
22,SELL,-0.510039,21:07:23.360991065,yes,19.950000,bid1,300,00:00:00.000036735,0.318631,3.138428,0.785491,2,1,409,3191,3.750000,8.312900,10100,no
23,SELL,-1.262633,21:07:23.360991065,yes,19.950000,bid1,200,00:00:00.000036808,0.350494,2.853117,0.785491,2,1,412,3188,3.750000,9.466000,9600,no
24,SELL,-0.780012,21:07:23.360991065,yes,19.930000,bid1,200,00:00:00.000056320,0.385543,2.593742,0.785491,2,1,416,3184,3.750000,9.855700,9400,no
25,SELL,-0.539256,21:07:23.360991065,yes,19.930000,bid1,200,00:00:00.000036516,0.424098,2.357948,0.785491,2,1,421,3179,3.750000,10.213700,9200,no
26,SELL,-0.253351,21:07:23.360991065,no,-,-,-,-,0.466507,2.143589,0.785491,2,1,426,3174,3.750000,10.093800,9200,no
27,SELL,-0.727040,21:07:23.360991065,yes,19.939900,bid1,100,00:00:00.000059406,0.513158,1.948717,0.785491,2,1,431,3169,3.750000,10.208800,9100,no
28,SELL,-0.493450,21:07:23.360991065,yes,19.919900,bid1,100,00:00:00.000049598,0.564474,1.771561,0.785491,2,1,437,3163,3.750000,10.297400,9000,no
29,SELL,-0.225858,21:07:23.360991065,no,-,-,-,-,0.620921,1.610510,0.785491,2,1,440,3160,3.750000,10.227200,9000,no
30,SELL,-0.190932,21:07:23.360991065,no,-,-,-,-,0.683013,1.464100,0.785491,2,1,444,3156,3.750000,10.135100,9000,no
31,SELL,-0.122131,21:07:23.360991065,no,-,-,-,-,0.751315,1.331000,0.785491,2,1,447,3153,3.750000,10.067100,9000,no
32,SELL,-0.185333,21:07:23.360991065,no,-,-,-,-,0.826446,1.210000,0.785491,2,1,451,3149,3.750000,9.977800,9000,no
33,SELL,0.191795,21:07:23.360991065,no,-,-,-,-,0.909091,1.100000,0.785491,2,1,456,3144,3.750000,9.868400,9000,no
34,SELL,0.254286,21:07:23.360991065,no,-,-,-,-,1.000000,1.000000,0.785491,2,1,460,3140,3.750000,9.782600,9000,no
35,SELL,0.268117,21:07:23.360991065,no,-,-,-,-,1.100000,0.909091,0.785491,2,1,464,3136,3.750000,9.698200,9000,no
36,SELL,-0.169189,21:07:23.360991065,no,-,-,-,-,1.210000,0.826446,0.785491,2,1,466,3134,3.750000,9.656600,9000,no
37,SELL,0.054800,21:07:23.360991065,no,-,-,-,-,1.331000,0.751315,0.785491,2,1,470,3130,3.750000,9.574400,9000,no
38,SELL,-0.987084,21:07:23.360991065,no,-,-,-,-,1.464100,0.683013,0.785491,2,1,474,3126,3.750000,9.493600,9000,no
39,SELL,-0.267951,21:07:23.360991065,no,-,-,-,-,1.610510,0.620921,0.785491,2,1,479,3121,3.750000,9.394500,9000,no
40,SELL,-0.327830,21:07:23.360991065,no,-,-,-,-,1.771561,0.564474,0.785491,2,1,482,3118,3.750000,9.336000,9000,no
41,SELL,-0.815585,21:07:23.360991065,no,-,-,-,-,1.948717,0.513158,0.785491,2,1,486,3114,3.750000,9.259200,9000,no
42,SELL,-0.429957,21:07:23.360991065,no,-,-,-,-,2.143589,0.466507,0.785491,2,1,489,3111,3.750000,9.202400,9000,no
43,SELL,-0.408906,21:07:23.360991065,no,-,-,-,-,2.357948,0.424098,0.785491,2,1,494,3106,3.750000,9.109300,9000,no
44,SELL,-0.283454,21:07:23.360991065,no,-,-,-,-,2.593742,0.385543,0.785491,2,1,501,3099,3.750000,8.982000,9000,no
45,SELL,-0.125409,21:07:23.360991065,no,-,-,-,-,2.853117,0.350494,0.785491,2,1,504,3096,3.750000,8.928500,9000,no
46,SELL,-0.006428,21:07:23.360991065,no,-,-,-,-,3.138428,0.318631,0.785491,2,1,508,3092,3.750000,8.858200,9000,no
47,SELL,-0.650445,21:07:23.360991065,no,-,-,-,-,3.452271,0.289664,0.785491,2,1,512,3088,3.750000,8.789000,9000,no
48,SELL,-0.255156,21:07:23.360991065,no,-,-,-,-,3.797498,0.263331,0.785491,2,1,517,3083,3.750000,8.704000,9000,no
49,SELL,-0.189824,21:07:23.360991065,no,-,-,-,-,4.177248,0.239392,0.785491,2,1,521,3079,3.750000,8.637200,9000,no
50,SELL,-0.931654,21:07:23.360991065,no,-,-,-,-,4.594973,0.217629,0.785491,2,1,526,3074,3.750000,8.555100,9000,no
51,SELL,-0.376383,21:07:23.360991065,no,-,-,-,-,5.054470,0.197845,0.785491,2,1,529,3071,3.750000,8.506600,9000,no
52,SELL,-0.459488,21:07:23.360991065,no,-,-,-,-,5.559917,0.179859,0.785491,2,1,534,3066,3.750000,8.426900,9000,no
53,SELL,-0.460806,21:07:23.360991065,no,-,-,-,-,6.115909,0.163508,0.785491,2,1,538,3062,3.750000,8.364300,9000,no
54,SELL,-0.356307,21:07:23.360991065,no,-,-,-,-,6.727500,0.148644,0.785491,2,1,544,3056,3.750000,8.272000,9000,no
55,SELL,-0.848532,21:07:23.360991065,no,-,-,-,-,7.400250,0.135131,0.785491,2,1,552,3048,3.750000,8.152100,9000,no
56,SELL,-0.546997,21:07:23.360991065,no,-,-,-,-,8.140275,0.122846,0.785491,2,1,556,3044,3.750000,8.093500,9000,no
57,SELL,-0.162197,21:07:23.360991065,no,-,-,-,-,8.954302,0.111678,0.785491,2,1,561,3039,3.750000,8.021300,9000,no
58,SELL,-0.070521,21:07:23.360991065,no,-,-,-,-,9.849733,0.101526,0.785491,2,1,566,3034,3.750000,7.950500,9000,no
59,SELL,0.032760,21:07:23.360991065,no,-,-,-,-,10.000000,0.100000,0.785491,2,1,575,3025,3.750000,7.826000,9000,no
60,SELL,0.319717,21:07:23.360991065,no,-,-,-,-,10.000000,0.100000,0.785491,2,1,578,3022,3.750000,7.785400,9000,no
61,SELL,-0.313531,21:07:23.360991065,no,-,-,-,-,10.000000,0.100000,0.785491,2,1,583,3017,3.750000,7.718600,9000,no
62,SELL,0.041758,21:07:23.360991065,no,-,-,-,-,10.000000,0.100000,0.785491,2,1,586,3014,3.750000,7.679100,9000,no
63,SELL,0.353136,21:07:23.360991065,no,-,-,-,-,10.000000,0.100000,0.785491,2,1,591,3009,3.750000,7.614200,9000,no
64,SELL,0.105013,21:07:23.360991065,no,-,-,-,-,10.000000,0.100000,0.785491,2,1,594,3006,3.750000,7.575700,9000,no
65,SELL,0.121467,21:07:23.360991065,no,-,-,-,-,10.000000,0.100000,0.785491,2,1,599,3001,3.750000,7.512500,9000,no
66,SELL,-0.076963,21:07:23.360991065,no,-,-,-,-,10.000000,0.100000,0.785491,2,1,604,2996,3.750000,7.450300,9000,no
67,SELL,0.043334,21:07:23.360991065,no,-,-,-,-,10.000000,0.100000,0.785491,2,1,606,2994,3.750000,7.425700,9000,no
68,SELL,-0.004357,21:07:23.360991065,no,-,-,-,-,10.000000,0.100000,0.785491,2,1,610,2990,3.750000,7.377000,9000,no
69,SELL,0.093897,21:07:23.360991065,no,-,-,-,-,10.000000,0.100000,0.785491,2,1,613,2987,3.750000,7.340900,9000,no
70,SELL,-0.028995,21:07:23.360991065,no,-,-,-,-,10.000000,0.100000,0.785491,2,1,617,2983,3.750000,7.293300,9000,no
71,SELL,0.383411,21:07:23.360991065,no,-,-,-,-,10.000000,0.100000,0.785491,2,1,620,2980,3.750000,7.258000,9000,no
72,SELL,0.972387,21:07:23.360991065,no,-,-,-,-,10.000000,0.100000,0.785491,2,1,624,2976,3.750000,7.211500,9000,no
73,SELL,1.465717,21:07:23.360991065,no,-,-,-,-,10.000000,0.100000,0.785491,2,1,629,2971,3.750000,7.154200,9000,no
74,SELL,0.556902,21:07:23.360991065,no,-,-,-,-,10.000000,0.100000,0.785491,2,1,633,2967,3.750000,7.109000,9000,no
75,SELL,0.549405,21:07:23.360991065,no,-,-,-,-,10.000000,0.100000,0.785491,2,1,637,2963,3.750000,7.064300,9000,no
76,SELL,0.813615,21:07:23.360991065,no,-,-,-,-,10.000000,0.100000,0.785491,2,1,640,2960,3.750000,7.031200,9000,no
77,SELL,-0.501180,21:07:23.360991065,no,-,-,-,-,10.000000,0.100000,0.785491,2,1,642,2958,3.750000,7.009300,9000,no
78,SELL,-0.377355,21:07:23.360991065,no,-,-,-,-,10.000000,0.100000,0.785491,2,1,644,2956,3.750000,6.987500,9000,no
79,SELL,0.443864,21:07:23.360991065,no,-,-,-,-,10.000000,0.100000,0.785491,2,1,648,2952,3.750000,6.944400,9000,no
80,SELL,0.213722,21:07:23.360991065,no,-,-,-,-,10.000000,0.100000,0.785491,2,1,651,2949,3.750000,6.912400,9000,no
81,SELL,0.295338,21:07:23.360991065,no,-,-,-,-,10.000000,0.100000,0.785491,2,1,655,2945,3.750000,6.870200,9000,no
82,SELL,0.008048,21:07:23.360991065,no,-,-,-,-,10.000000,0.100000,0.785491,2,1,658,2942,3.750000,6.838900,9000,no
83,SELL,-0.152742,21:07:23.360991065,no,-,-,-,-,10.000000,0.100000,0.785491,2,1,667,2933,3.750000,6.746600,9000,no
84,SELL,0.372153,21:07:23.360991065,no,-,-,-,-,10.000000,0.100000,0.785491,2,1,669,2931,3.750000,6.726400,9000,no
85,SELL,-0.046172,21:07:23.360991065,no,-,-,-,-,10.000000,0.100000,0.785491,2,1,673,2927,3.750000,6.686400,9000,no
86,SELL,0.040324,21:07:23.360991065,no,-,-,-,-,10.000000,0.100000,0.785491,2,1,676,2924,3.750000,6.656800,9000,no
87,SELL,0.302877,21:07:23.360991065,no,-,-,-,-,10.000000,0.100000,0.785491,2,1,680,2920,3.750000,6.617600,9000,no
88,SELL,0.159935,21:07:23.360991065,no,-,-,-,-,10.000000,0.100000,0.785491,2,1,683,2917,3.750000,6.588500,9000,no
89,SELL,-0.234454,21:07:23.360991065,no,-,-,-,-,10.000000,0.100000,0.785491,2,1,686,2914,3.750000,6.559700,9000,no
90,SELL,-0.537717,21:07:23.360991065,no,-,-,-,-,10.000000,0.100000,0.785491,2,1,690,2910,3.750000,6.521700,9000,no
91,SELL,0.189456,21:07:23.360991065,no,-,-,-,-,10.000000,0.100000,0.785491,2,1,694,2906,3.750000,6.484100,9000,no
92,SELL,0.116297,21:07:23.360991065,no,-,-,-,-,10.000000,0.100000,0.785491,2,1,697,2903,3.750000,6.456200,9000,no
93,SELL,0.145736,21:07:23.360991065,no,-,-,-,-,10.000000,0.100000,0.785491,2,1,701,2899,3.750000,6.419400,9000,no
94,SELL,0.109405,21:07:23.360991065,no,-,-,-,-,10.000000,0.100000,0.785491,2,1,705,2895,3.750000,6.382900,9000,no
95,SELL,0.203534,21:07:23.360991065,no,-,-,-,-,10.000000,0.100000,0.785491,2,1,706,2894,3.750000,6.373900,9000,no
96,SELL,0.453533,21:07:23.360991065,no,-,-,-,-,10.000000,0.100000,0.785491,2,1,711,2889,3.750000,6.329100,9000,no
97,SELL,0.293856,21:07:23.360991065,no,-,-,-,-,10.000000,0.100000,0.785491,2,1,714,2886,3.750000,6.302500,9000,no
98,SELL,0.465077,21:07:23.360991065,no,-,-,-,-,10.000000,0.100000,0.785491,2,1,716,2884,3.750000,6.284900,9000,no
99,SELL,0.338427,21:07:23.360991065,no,-,-,-,-,10.000000,0.100000,0.785491,2,1,718,2882,3.750000,6.267400,9000,no
100,SELL,0.651243,21:07:23.360991065,no,-,-,-,-,10.000000,0.100000,0.785491,2,1,722,2878,3.750000,6.232600,9000,no
101,SELL,0.791775,21:07:23.360991065,no,-,-,-,-,10.000000,0.100000,0.785491,2,1,725,2875,3.750000,6.206800,9000,no
102,SELL,0.611856,21:07:23.360991065,no,-,-,-,-,10.000000,0.100000,0.785491,2,1,729,2871,3.750000,6.172800,9000,no
103,SELL,-0.400748,21:07:23.360991065,no,-,-,-,-,10.000000,0.100000,0.785491,2,1,733,2867,3.750000,6.139100,9000,no
104,SELL,0.824587,21:07:23.360991065,no,-,-,-,-,10.000000,0.100000,0.785491,2,1,738,2862,3.750000,6.097500,9000,no
105,SELL,0.417973,21:07:23.360991065,no,-,-,-,-,10.000000,0.100000,0.785491,2,1,742,2858,3.750000,6.064600,9000,no
106,SELL,0.133280,21:07:23.360991065,no,-,-,-,-,10.000000,0.100000,0.785491,2,1,749,2851,3.750000,6.008000,9000,no
107,SELL,-0.018350,21:07:23.360991065,no,-,-,-,-,10.000000,0.100000,0.785491,2,1,755,2845,3.750000,5.960200,9000,no
108,SELL,-0.114628,21:07:23.360991065,no,-,-,-,-,10.000000,0.100000,0.785491,2,1,759,2841,3.750000,5.928800,9000,no
109,SELL,-0.229538,21:07:23.360991065,no,-,-,-,-,10.000000,0.100000,0.785491,2,1,763,2837,3.750000,5.897700,9000,no
110,SELL,-0.399843,21:07:23.360991065,no,-,-,-,-,10.000000,0.100000,0.785491,2,1,766,2834,3.750000,5.874600,9000,no
111,SELL,-0.297250,21:07:23.360991065,no,-,-,-,-,10.000000,0.100000,0.785491,2,1,770,2830,3.750000,5.844100,9000,no
112,SELL,-0.520108,21:07:23.360991065,no,-,-,-,-,10.000000,0.100000,0.785491,2,1,773,2827,3.750000,5.821400,9000,no
113,SELL,-0.301922,21:07:23.360991065,no,-,-,-,-,10.000000,0.100000,0.785491,2,1,776,2824,3.750000,5.798900,9000,no
114,SELL,-0.412303,21:07:23.360991065,no,-,-,-,-,10.000000,0.100000,0.785491,2,1,781,2819,3.750000,5.761800,9000,no
115,SELL,-0.105468,21:07:23.360991065,no,-,-,-,-,10.000000,0.100000,0.785491,2,1,784,2816,3.750000,5.739700,9000,no
116,SELL,-0.663427,21:07:23.360991065,no,-,-,-,-,10.000000,0.100000,0.785491,2,1,789,2811,3.750000,5.703400,9000,no
117,SELL,-0.409232,21:07:23.360991065,no,-,-,-,-,10.000000,0.100000,0.785491,2,1,792,2808,3.750000,5.681800,9000,no
118,SELL,-0.379964,21:07:23.360991065,no,-,-,-,-,10.000000,0.100000,0.785491,2,1,798,2802,3.750000,5.639000,9000,no
119,SELL,-0.390627,21:07:23.360991065,no,-,-,-,-,10.000000,0.100000,0.785491,2,1,802,2798,3.750000,5.610900,9000,no
120,SELL,-0.463312,21:07:23.360991065,no,-,-,-,-,10.000000,0.100000,0.785491,2,1,807,2793,3.750000,5.576200,9000,no
121,SELL,-0.503057,21:07:23.360991065,no,-,-,-,-,10.000000,0.100000,0.785491,2,1,810,2790,3.750000,5.555500,9000,no
122,SELL,-0.304267,21:07:23.360991065,no,-,-,-,-,10.000000,0.100000,0.785491,2,1,814,2786,3.750000,5.528200,9000,no
123,SELL,-0.371838,21:07:23.360991065,no,-,-,-,-,10.000000,0.100000,0.785491,2,1,818,2782,3.750000,5.501200,9000,no
124,SELL,-0.260333,21:07:23.360991065,no,-,-,-,-,10.000000,0.100000,0.785491,2,1,821,2779,3.750000,5.481100,9000,no
125,SELL,-0.564844,21:07:23.360991065,no,-,-,-,-,10.000000,0.100000,0.785491,2,1,825,2775,3.750000,5.454500,9000,no
126,SELL,0.085509,21:07:23.360991065,no,-,-,-,-,10.000000,0.100000,0.785491,2,1,828,2772,3.750000,5.434700,9000,no
127,SELL,-0.171576,21:07:23.360991065,no,-,-,-,-,10.000000,0.100000,0.785491,2,1,831,2769,3.750000,5.415100,9000,no
128,SELL,-0.231533,21:07:23.360991065,no,-,-,-,-,10.000000,0.100000,0.785491,2,1,835,2765,3.750000,5.389200,9000,no
129,SELL,-0.052112,21:07:23.360991065,no,-,-,-,-,10.000000,0.100000,0.785491,2,1,837,2763,3.750000,5.376300,9000,no
130,SELL,-0.046181,21:07:23.360991065,no,-,-,-,-,10.000000,0.100000,0.785491,2,1,844,2756,3.750000,5.331700,9000,no
131,SELL,-0.477877,21:07:23.360991065,no,-,-,-,-,10.000000,0.100000,0.785491,2,1,848,2752,3.750000,5.306600,9000,no
132,SELL,0.271957,21:07:23.360991065,no,-,-,-,-,10.000000,0.100000,0.785491,2,1,850,2750,3.750000,5.294100,9000,no
133,SELL,0.269637,21:07:23.360991065,no,-,-,-,-,10.000000,0.100000,0.785491,2,1,854,2746,3.750000,5.269300,9000,no
134,SELL,-0.211966,21:07:23.360991065,no,-,-,-,-,10.000000,0.100000,0.785491,2,1,858,2742,3.750000,5.244700,9000,no
135,SELL,-0.199338,21:07:23.360991065,no,-,-,-,-,10.000000,0.100000,0.785491,2,1,860,2740,3.750000,5.232500,9000,no
136,SELL,-0.000824,21:07:23.360991065,no,-,-,-,-,10.000000,0.100000,0.785491,2,1,863,2737,3.750000,5.214300,9000,no
137,SELL,-0.142887,21:07:23.360991065,no,-,-,-,-,10.000000,0.100000,0.785491,2,1,867,2733,3.750000,5.190300,9000,no
138,SELL,0.041139,21:07:23.360991065,no,-,-,-,-,10.000000,0.100000,0.785491,2,1,870,2730,3.750000,5.172400,9000,no
139,SELL,0.010128,21:07:23.360991065,no,-,-,-,-,10.000000,0.100000,0.785491,2,1,875,2725,3.750000,5.142800,9000,no
140,SELL,-0.216582,21:07:23.360991065,no,-,-,-,-,10.000000,0.100000,0.785491,2,1,877,2723,3.750000,5.131100,9000,no
141,SELL,-0.832329,21:07:23.360991065,no,-,-,-,-,10.000000,0.100000,0.785491,2,1,881,2719,3.750000,5.107800,9000,no
142,SELL,-0.580127,21:07:23.360991065,no,-,-,-,-,10.000000,0.100000,0.785491,2,1,884,2716,3.750000,5.090400,9000,no
143,SELL,-0.470115,21:07:23.360991065,no,-,-,-,-,10.000000,0.100000,0.785491,2,1,892,2708,3.750000,5.044800,9000,no
144,SELL,-0.819697,21:07:23.360991065,no,-,-,-,-,10.000000,0.100000,0.785491,2,1,895,2705,3.750000,5.027900,9000,no
145,SELL,-0.361665,21:07:23.360991065,no,-,-,-,-,10.000000,0.100000,0.785491,2,1,898,2702,3.750000,5.011100,9000,no
146,SELL,0.018118,21:07:23.360991065,no,-,-,-,-,10.000000,0.100000,0.785491,2,1,902,2698,3.750000,4.988900,9000,no
147,SELL,-0.148812,21:07:23.360991065,no,-,-,-,-,10.000000,0.100000,0.785491,2,1,904,2696,3.750000,4.977800,9000,no
148,SELL,-0.210600,21:07:23.360991065,no,-,-,-,-,10.000000,0.100000,0.785491,2,1,907,2693,3.750000,4.961400,9000,no
149,SELL,0.026865,21:07:23.360991065,no,-,-,-,-,10.000000,0.100000,0.785491,2,1,909,2691,3.750000,4.950400,9000,no
150,SELL,0.876845,21:07:23.360991065,no,-,-,-,-,10.000000,0.100000,0.785491,2,1,1189,2411,3.750000,3.784600,9000,no
151,SELL,0.239014,21:07:23.360991065,no,-,-,-,-,10.000000,0.100000,0.785491,2,1,1193,2407,3.750000,3.772000,9000,no
152,SELL,0.405458,21:07:23.360991065,no,-,-,-,-,10.000000,0.100000,0.785491,2,1,1197,2403,3.750000,3.759300,9000,no
153,SELL,0.769060,21:07:23.360991065,no,-,-,-,-,9.090909,0.110000,0.785491,2,1,1201,2399,3.750000,3.746800,9000,no
154,SELL,0.782392,21:07:23.360991065,no,-,-,-,-,8.264463,0.121000,0.785491,2,1,1206,2394,3.750000,3.731300,9000,no
155,SELL,0.501441,21:07:23.360991065,no,-,-,-,-,7.513148,0.133100,0.785491,2,1,1212,2388,3.750000,3.712800,9000,no
156,SELL,-0.197443,21:07:23.360991065,no,-,-,-,-,6.830135,0.146410,0.785491,2,1,1219,2381,3.750000,3.691500,9000,no
157,SELL,-0.198194,21:07:23.360991065,no,-,-,-,-,6.209213,0.161051,0.785491,2,1,1224,2376,3.750000,3.676400,9000,no
158,SELL,0.079889,21:07:23.360991065,no,-,-,-,-,5.644739,0.177156,0.785491,2,1,1230,2370,3.750000,3.658500,9000,no
159,SELL,0.185858,21:07:23.360991065,no,-,-,-,-,5.131581,0.194872,0.785491,2,1,1233,2367,3.750000,3.649600,9000,no
160,SELL,-0.028181,21:07:23.360991065,no,-,-,-,-,4.665074,0.214359,0.785491,2,1,1237,2363,3.750000,3.637800,9000,no
161,SELL,1.562532,21:07:23.360991065,no,-,-,-,-,4.240976,0.235795,0.785491,2,1,1242,2358,3.750000,3.623100,9000,no
162,SELL,1.016168,21:07:23.360991065,no,-,-,-,-,3.855433,0.259374,0.785491,2,1,1247,2353,3.750000,3.608600,9000,no
163,SELL,1.176270,21:07:23.360991065,no,-,-,-,-,3.504939,0.285312,0.785491,2,1,1251,2349,3.750000,3.597100,9000,no
164,SELL,0.755073,21:07:23.360991065,no,-,-,-,-,3.186308,0.313843,0.785491,2,1,1254,2346,3.750000,3.588500,9000,no
165,SELL,0.438359,21:07:23.360991065,no,-,-,-,-,2.896644,0.345227,0.785491,2,1,1258,2342,3.750000,3.577100,9000,no
166,SELL,0.530582,21:07:23.360991065,no,-,-,-,-,2.633313,0.379750,0.785491,2,1,1263,2337,3.750000,3.562900,9000,no
167,SELL,0.859551,21:07:23.360991065,no,-,-,-,-,2.393920,0.417725,0.785491,2,1,1267,2333,3.750000,3.551600,9000,no
168,SELL,0.370123,21:07:23.360991065,no,-,-,-,-,2.176291,0.459497,0.785491,2,1,1271,2329,3.750000,3.540500,9000,no
169,SELL,0.353683,21:07:23.360991065,no,-,-,-,-,1.978447,0.505447,0.785491,2,1,1275,2325,3.750000,3.529400,9000,no
170,SELL,0.105790,21:07:23.360991065,no,-,-,-,-,1.798588,0.555992,0.785491,2,1,1278,2322,3.750000,3.521100,9000,no
171,SELL,0.240130,21:07:23.360991065,no,-,-,-,-,1.635080,0.611591,0.785491,2,1,1282,2318,3.750000,3.510100,9000,no
172,SELL,0.312187,21:07:23.360991065,no,-,-,-,-,1.486436,0.672750,0.785491,2,1,1286,2314,3.750000,3.499200,9000,no
173,SELL,0.549526,21:07:23.360991065,no,-,-,-,-,1.351306,0.740025,0.785491,2,1,1290,2310,3.750000,3.488300,9000,no
174,SELL,0.292985,21:07:23.360991065,no,-,-,-,-,1.228460,0.814027,0.785491,2,1,1296,2304,3.750000,3.472200,9000,no
175,SELL,0.478535,21:07:23.360991065,no,-,-,-,-,1.116782,0.895430,0.785491,2,1,1299,2301,3.750000,3.464200,9000,no
176,SELL,0.220465,21:07:23.360991065,no,-,-,-,-,1.015256,0.984973,0.785491,2,1,1303,2297,3.750000,3.453500,9000,no
177,SELL,0.128510,21:07:23.360991065,no,-,-,-,-,0.922960,1.083471,0.785491,2,1,1308,2292,3.750000,3.440300,9000,no
178,SELL,0.144199,21:07:23.360991065,no,-,-,-,-,0.839055,1.191818,0.785491,2,1,1312,2288,3.750000,3.429800,9000,no
179,SELL,-0.251170,21:07:23.360991065,no,-,-,-,-,0.762777,1.310999,0.785491,2,1,1315,2285,3.750000,3.422000,9000,no
180,SELL,-0.467408,21:07:23.360991065,no,-,-,-,-,0.693433,1.442099,0.785491,2,1,1319,2281,3.750000,3.411600,9000,no
181,SELL,-0.000727,21:07:23.360991065,no,-,-,-,-,0.630394,1.586309,0.785491,2,1,1329,2271,3.750000,3.386000,9000,no
182,SELL,0.394722,21:07:23.360991065,no,-,-,-,-,0.573086,1.744940,0.785491,2,1,1334,2266,3.750000,3.373300,9000,no
183,SELL,-0.069124,21:07:23.360991065,no,-,-,-,-,0.520987,1.919434,0.785491,2,1,1342,2258,3.750000,3.353200,9000,no
184,SELL,-0.490940,21:07:23.360991065,yes,19.890000,bid1,200,00:00:00.000036957,0.473624,2.111378,0.785491,2,1,1347,2253,3.750000,3.340700,9000,no
185,SELL,-0.325071,21:07:23.360991065,no,-,-,-,-,0.430568,2.322515,0.785491,2,1,1351,2249,3.750000,3.330800,9000,no
186,SELL,-0.289455,21:07:23.360991065,no,-,-,-,-,0.391425,2.554767,0.785491,2,1,1354,2246,3.750000,3.323400,9000,no
187,SELL,-0.069849,21:07:23.360991065,no,-,-,-,-,0.355841,2.810244,0.785491,2,1,1357,2243,3.750000,3.316100,9000,no
188,SELL,-0.192602,21:07:23.360991065,no,-,-,-,-,0.323492,3.091268,0.785491,2,1,1361,2239,3.750000,3.306300,9000,no
189,SELL,-0.220450,21:07:23.360991065,no,-,-,-,-,0.294083,3.400395,0.785491,2,1,1364,2236,3.750000,3.299100,9000,no
190,SELL,0.020658,21:07:23.360991065,no,-,-,-,-,0.267349,3.740434,0.785491,2,1,1368,2232,3.750000,3.289400,9000,no
191,SELL,-0.154274,21:07:23.360991065,no,-,-,-,-,0.243044,4.114478,0.785491,2,1,1374,2226,3.750000,3.275100,9000,no
192,SELL,-0.627141,21:07:23.360991065,yes,19.890000,bid1,400,00:00:00.000041805,0.220949,4.525926,0.785491,2,1,1425,2175,3.750000,3.157800,9000,no
193,SELL,-0.619089,21:07:23.360991065,yes,19.890000,bid1,400,00:00:00.000036855,0.200863,4.978518,0.785491,2,1,1427,2173,3.750000,3.153400,9000,no
194,SELL,-0.556831,21:07:23.360991065,yes,19.890000,bid1,500,00:00:00.000034754,0.182603,5.476370,0.785491,2,1,1431,2169,3.750000,3.144600,9000,no
195,SELL,-0.893046,21:07:23.360991065,yes,19.910000,bid1,600,00:00:00.000036936,0.166002,6.024007,0.785491,2,1,1490,2110,3.750000,3.020100,9000,no
196,SELL,-0.112849,21:07:23.360991065,no,-,-,-,-,0.150911,6.626408,0.785491,2,1,1553,2047,3.750000,2.897600,9000,no
197,SELL,-0.057029,21:07:23.360991065,no,-,-,-,-,0.137192,7.289048,0.785491,2,1,1562,2038,3.750000,2.880900,9000,no
198,SELL,-0.149172,21:07:23.360991065,yes,19.919900,bid1,800,00:00:00.000037125,0.124720,8.017953,0.785491,2,1,1564,2036,3.750000,2.877200,9000,no
199,SELL,-0.760922,21:07:23.360991065,yes,19.910000,bid1,800,00:00:00.000040130,0.113382,8.819749,0.785491,2,1,1567,2033,3.750000,2.871700,9000,no
200,SELL,-0.671752,21:07:23.360991065,yes,19.919900,bid1,900,00:00:00.000035065,0.103074,9.701723,0.785491,2,1,1571,2029,3.750000,2.864400,9000,no
201,SELL,-0.144852,21:07:23.360991065,yes,19.900000,bid1,1000,00:00:00.000037419,0.100000,10.000000,0.785491,2,1,1576,2024,3.750000,2.855300,9000,no
202,SELL,-0.453322,21:07:23.360991065,yes,19.910000,bid1,1000,00:00:00.000034530,0.100000,10.000000,0.785491,2,1,1579,2021,3.750000,2.849900,9000,no
203,SELL,-0.756803,21:07:23.360991065,yes,19.900000,bid1,1000,00:00:00.000043386,0.100000,10.000000,0.785491,2,1,1583,2017,3.750000,2.842700,9000,no
204,SELL,-0.123389,21:07:23.360991065,yes,19.900000,bid1,1000,00:00:00.000036909,0.100000,10.000000,0.785491,2,1,1587,2013,3.750000,2.835500,9000,no
205,SELL,0.033279,21:07:23.360991065,no,-,-,-,-,0.100000,10.000000,0.785491,2,1,1592,2008,3.750000,2.826600,9000,no
206,SELL,-0.419445,21:07:23.360991065,yes,19.910000,bid1,1000,00:00:00.000037071,0.100000,10.000000,0.785491,2,1,1620,1980,3.750000,2.777700,9000,no
207,SELL,-0.502023,21:07:23.360991065,yes,19.910000,bid1,1000,00:00:00.000035776,0.100000,10.000000,0.785491,2,1,1623,1977,3.750000,2.772600,9000,no
208,SELL,-0.325813,21:07:23.360991065,yes,19.910000,bid1,1000,00:00:00.000036673,0.100000,10.000000,0.785491,2,1,1626,1974,3.750000,2.767500,9000,no
209,SELL,-0.933041,21:07:23.360991065,yes,19.900000,bid1,1000,00:00:00.000037538,0.100000,10.000000,0.785491,2,1,1630,1970,3.750000,2.760700,9000,no
210,SELL,-0.656084,21:07:23.360991065,yes,19.900000,bid1,1000,00:00:00.000035566,0.100000,10.000000,0.785491,2,1,1655,1945,3.750000,2.719000,9000,no
211,SELL,-0.499540,21:07:23.360991065,yes,19.890000,bid1,1000,00:00:00.000036458,0.100000,10.000000,0.785491,2,1,1667,1933,3.750000,2.699400,9000,no
212,SELL,0.697435,21:07:23.360991065,yes,19.820000,ask1,9000,00:00:00.000023118,0.100000,10.000000,0.785491,2,1,4926,-1326,3.750000,0.913500,9000,yes
213,SELL,-0.804199,21:07:23.360991065,yes,19.810000,bid1,9000,00:00:00.000027041,0.100000,10.000000,0.785491,2,1,4930,-1330,3.750000,0.912700,9000,yes
214,SELL,-0.835620,21:07:23.360991065,yes,19.810000,bid1,9000,00:00:00.000026358,0.100000,10.000000,0.785491,2,1,4934,-1334,3.750000,0.912000,9000,yes
215,SELL,0.569897,21:07:23.360991065,yes,19.820000,ask1,9000,00:00:00.000025402,0.100000,10.000000,0.785491,2,1,4937,-1337,3.750000,0.911400,9000,yes
216,SELL,-0.673065,21:07:23.360991065,yes,19.810000,bid1,9000,00:00:00.000024404,0.100000,10.000000,0.785491,2,1,4941,-1341,3.750000,0.910700,9000,yes
217,SELL,1.931009,21:07:23.360991065,yes,19.820000,ask1,9000,00:00:00.000026367,0.100000,10.000000,0.785491,2,1,4946,-1346,3.750000,0.909800,9000,yes
218,SELL,2.308732,21:07:23.360991065,yes,19.820000,ask1,9000,00:00:00.000025715,0.100000,10.000000,0.785491,2,1,4948,-1348,3.750000,0.909400,9000,yes
219,SELL,1.534064,21:07:23.360991065,no,-,-,-,-,0.100000,10.000000,0.785491,2,1,4953,-1353,3.750000,0.908500,9000,yes
220,SELL,1.655760,21:07:23.360991065,no,-,-,-,-,0.100000,10.000000,0.785491,2,1,4957,-1357,3.750000,0.907800,9000,yes
221,SELL,0.688403,21:07:23.360991065,no,-,-,-,-,0.100000,10.000000,0.785491,2,1,4960,-1360,3.750000,0.907200,9000,yes
222,SELL,-0.018214,21:07:23.360991065,no,-,-,-,-,0.100000,10.000000,0.785491,2,1,4964,-1364,3.750000,0.906500,9000,yes
223,SELL,0.479053,21:07:23.360991065,no,-,-,-,-,0.100000,10.000000,0.785491,2,1,4967,-1367,3.750000,0.905900,9000,yes
224,SELL,-0.362918,21:07:23.360991065,no,-,-,-,-,0.100000,10.000000,0.785491,2,1,4971,-1371,3.750000,0.905200,9000,yes
225,SELL,-0.064606,21:07:23.360991065,no,-,-,-,-,0.100000,10.000000,0.785491,2,1,4976,-1376,3.750000,0.904300,9000,yes
226,SELL,2.808368,21:07:23.360991065,no,-,-,-,-,0.100000,10.000000,0.785491,2,1,4980,-1380,3.750000,0.903600,9000,yes
227,SELL,1.399827,21:07:23.360991065,no,-,-,-,-,0.100000,10.000000,0.785491,2,1,4984,-1384,3.750000,0.902800,9000,yes
228,SELL,1.152151,21:07:23.360991065,no,-,-,-,-,0.100000,10.000000,0.785491,2,1,4990,-1390,3.750000,0.901800,9000,yes
229,SELL,0.294743,21:07:23.360991065,no,-,-,-,-,0.100000,10.000000,0.785491,2,1,4998,-1398,3.750000,0.900300,9000,yes
230,SELL,0.666744,21:07:23.360991065,no,-,-,-,-,0.100000,10.000000,0.785491,2,1,5003,-1403,3.750000,0.899400,9000,yes
231,SELL,-0.446019,21:07:23.360991065,no,-,-,-,-,0.100000,10.000000,0.785491,2,1,5032,-1432,3.750000,0.894200,9000,yes
232,SELL,-0.520522,21:07:23.360991065,no,-,-,-,-,0.100000,10.000000,0.785491,2,1,5037,-1437,3.750000,0.893300,9000,yes
233,SELL,0.187028,21:07:23.360991065,no,-,-,-,-,0.100000,10.000000,0.785491,2,1,5040,-1440,3.750000,0.892800,9000,yes
234,SELL,-0.443701,21:07:23.360991065,no,-,-,-,-,0.100000,10.000000,0.785491,2,1,5045,-1445,3.750000,0.891900,9000,yes
235,SELL,0.074307,21:07:23.360991065,no,-,-,-,-,0.100000,10.000000,0.785491,2,1,5049,-1449,3.750000,0.891200,9000,yes
