轮数,方向,预测值,算法开始时间,是否下单,下单价格,档位,下单量,下单耗时(从预测到下单),r1,r2,std,freq,qty_scalar,经过时间,剩余时间,目标速度,实际速度,剩余量,是否为最后一轮
1,SELL,0.023573,21:07:23.360020680,no,-,-,-,-,0.909091,1.100000,0.610812,2,1,332,3268,6.250000,0.000000,22500,no
2,SELL,0.639901,21:07:23.360020680,no,-,-,-,-,0.826446,1.210000,0.610812,2,1,335,3265,6.250000,0.000000,22500,no
3,SELL,0.490226,21:07:23.360020680,no,-,-,-,-,0.751315,1.331000,0.610812,2,1,339,3261,6.250000,0.000000,22500,no
4,SELL,0.391532,21:07:23.360020680,no,-,-,-,-,0.683013,1.464100,0.610812,2,1,343,3257,6.250000,0.000000,22500,no
5,SELL,-0.463379,21:07:23.360020680,yes,11.459900,bid1,100,00:00:00.000035663,0.620921,1.610510,0.610812,2,1,347,3253,6.250000,0.288100,22400,no
6,SELL,-0.297235,21:07:23.360020680,no,-,-,-,-,0.564474,1.771561,0.610812,2,1,350,3250,6.250000,0.285700,22400,no
7,SELL,0.076485,21:07:23.360020680,no,-,-,-,-,0.513158,1.948717,0.610812,2,1,355,3245,6.250000,0.281600,22400,no
8,SELL,0.779132,21:07:23.360020680,no,-,-,-,-,0.466507,2.143589,0.610812,2,1,359,3241,6.250000,0.278500,22400,no
9,SELL,0.002415,21:07:23.360020680,no,-,-,-,-,0.424098,2.357948,0.610812,2,1,362,3238,6.250000,0.276200,22400,no
10,SELL,-0.215524,21:07:23.360020680,no,-,-,-,-,0.385543,2.593742,0.610812,2,1,366,3234,6.250000,0.273200,22400,no
11,SELL,0.410770,21:07:23.360020680,no,-,-,-,-,0.350494,2.853117,0.610812,2,1,369,3231,6.250000,0.271000,22400,no
12,SELL,0.223137,21:07:23.360020680,no,-,-,-,-,0.318631,3.138428,0.610812,2,1,373,3227,6.250000,0.268000,22400,no
13,SELL,0.462671,21:07:23.360020680,no,-,-,-,-,0.289664,3.452271,0.610812,2,1,376,3224,6.250000,0.265900,22400,no
14,SELL,0.244620,21:07:23.360020680,no,-,-,-,-,0.263331,3.797498,0.610812,2,1,381,3219,6.250000,0.262400,22400,no
15,SELL,0.359062,21:07:23.360020680,no,-,-,-,-,0.239392,4.177248,0.610812,2,1,383,3217,6.250000,0.261000,22400,no
16,SELL,-0.111373,21:07:23.360020680,no,-,-,-,-,0.217629,4.594973,0.610812,2,1,387,3213,6.250000,0.258300,22400,no
17,SELL,0.020031,21:07:23.360020680,no,-,-,-,-,0.197845,5.054470,0.610812,2,1,392,3208,6.250000,0.255100,22400,no
18,SELL,0.258257,21:07:23.360020680,no,-,-,-,-,0.179859,5.559917,0.610812,2,1,396,3204,6.250000,0.252500,22400,no
19,SELL,-0.011191,21:07:23.360020680,no,-,-,-,-,0.163508,6.115909,0.610812,2,1,398,3202,6.250000,0.251200,22400,no
20,SELL,-0.023158,21:07:23.360020680,no,-,-,-,-,0.148644,6.727500,0.610812,2,1,402,3198,6.250000,0.248700,22400,no
21,SELL,0.111833,21:07:23.360020680,no,-,-,-,-,0.135131,7.400250,0.610812,2,1,406,3194,6.250000,0.246300,22400,no
22,SELL,-0.031881,21:07:23.360020680,no,-,-,-,-,0.122846,8.140275,0.610812,2,1,412,3188,6.250000,0.242700,22400,no
23,SELL,-0.176365,21:07:23.360020680,yes,11.459900,bid1,800,00:00:00.000036791,0.111678,8.954302,0.610812,2,1,416,3184,6.250000,2.163400,21600,no
24,SELL,0.292230,21:07:23.360020680,no,-,-,-,-,0.101526,9.849733,0.610812,2,1,421,3179,6.250000,2.137700,21600,no
25,SELL,0.518710,21:07:23.360020680,no,-,-,-,-,0.100000,10.000000,0.610812,2,1,426,3174,6.250000,2.112600,21600,no
26,SELL,0.357158,21:07:23.360020680,no,-,-,-,-,0.100000,10.000000,0.610812,2,1,431,3169,6.250000,2.088100,21600,no
27,SELL,-0.047758,21:07:23.360020680,no,-,-,-,-,0.100000,10.000000,0.610812,2,1,437,3163,6.250000,2.059400,21600,no
28,SELL,-0.223292,21:07:23.360020680,yes,11.450000,bid1,1000,00:00:00.000035296,0.100000,10.000000,0.610812,2,1,440,3160,6.250000,4.318100,20600,no
29,SELL,-0.296944,21:07:23.360020680,yes,11.450000,bid1,1000,00:00:00.000036920,0.100000,10.000000,0.610812,2,1,444,3156,6.250000,6.531500,19600,no
30,SELL,-0.224078,21:07:23.360020680,yes,11.450000,bid1,1000,00:00:00.000037249,0.100000,10.000000,0.610812,2,1,447,3153,6.250000,8.724800,18600,no
31,SELL,-0.255573,21:07:23.360020680,yes,11.450000,bid1,1000,00:00:00.000036882,0.100000,10.000000,0.610812,2,1,451,3149,6.250000,10.864700,17600,no
32,SELL,-0.413792,21:07:23.360020680,yes,11.450000,bid1,1000,00:00:00.000040777,0.100000,10.000000,0.610812,2,1,456,3144,6.250000,12.938500,16600,no
33,SELL,-0.492073,21:07:23.360020680,yes,11.450000,bid1,900,00:00:00.000045738,0.110000,9.090909,0.610812,2,1,460,3140,6.250000,14.782600,15700,no
34,SELL,-0.144883,21:07:23.360020680,yes,11.450000,bid1,800,00:00:00.000041201,0.121000,8.264463,0.610812,2,1,464,3136,6.250000,16.379300,14900,no
35,SELL,-0.143056,21:07:23.360020680,yes,11.450000,bid1,700,00:00:00.000035546,0.133100,7.513148,0.610812,2,1,466,3134,6.250000,17.811100,14200,no
36,SELL,-0.370930,21:07:23.360020680,yes,11.450000,bid1,600,00:00:00.000039143,0.146410,6.830135,0.610812,2,1,470,3130,6.250000,18.936100,13600,no
37,SELL,0.769761,21:07:23.360020680,no,-,-,-,-,0.161051,6.209213,0.610812,2,1,474,3126,6.250000,18.776300,13600,no
38,SELL,-0.098870,21:07:23.360020680,no,-,-,-,-,0.177156,5.644739,0.610812,2,1,479,3121,6.250000,18.580300,13600,no
39,SELL,0.381873,21:07:23.360020680,no,-,-,-,-,0.194872,5.131581,0.610812,2,1,482,3118,6.250000,18.464700,13600,no
40,SELL,0.455681,21:07:23.360020680,no,-,-,-,-,0.214359,4.665074,0.610812,2,1,487,3113,6.250000,18.275100,13600,no
41,SELL,0.314588,21:07:23.360020680,no,-,-,-,-,0.235795,4.240976,0.610812,2,1,490,3110,6.250000,18.163200,13600,no
42,SELL,0.302846,21:07:23.360020680,no,-,-,-,-,0.259374,3.855433,0.610812,2,1,494,3106,6.250000,18.016100,13600,no
43,SELL,0.152063,21:07:23.360020680,no,-,-,-,-,0.285312,3.504939,0.610812,2,1,501,3099,6.250000,17.764400,13600,no
44,SELL,0.720884,21:07:23.360020680,no,-,-,-,-,0.313843,3.186308,0.610812,2,1,504,3096,6.250000,17.658700,13600,no
45,SELL,0.539670,21:07:23.360020680,no,-,-,-,-,0.345227,2.896644,0.610812,2,1,508,3092,6.250000,17.519600,13600,no
46,SELL,0.509387,21:07:23.360020680,no,-,-,-,-,0.379750,2.633313,0.610812,2,1,512,3088,6.250000,17.382800,13600,no
47,SELL,0.497199,21:07:23.360020680,no,-,-,-,-,0.417725,2.393920,0.610812,2,1,517,3083,6.250000,17.214700,13600,no
48,SELL,0.420684,21:07:23.360020680,no,-,-,-,-,0.459497,2.176291,0.610812,2,1,521,3079,6.250000,17.082500,13600,no
49,SELL,0.251226,21:07:23.360020680,no,-,-,-,-,0.505447,1.978447,0.610812,2,1,526,3074,6.250000,16.920100,13600,no
50,SELL,0.223918,21:07:23.360020680,no,-,-,-,-,0.555992,1.798588,0.610812,2,1,529,3071,6.250000,16.824100,13600,no
51,SELL,0.456222,21:07:23.360020680,no,-,-,-,-,0.611591,1.635080,0.610812,2,1,534,3066,6.250000,16.666600,13600,no
52,SELL,0.812431,21:07:23.360020680,no,-,-,-,-,0.672750,1.486436,0.610812,2,1,538,3062,6.250000,16.542700,13600,no
53,SELL,-0.351112,21:07:23.360020680,no,-,-,-,-,0.740025,1.351306,0.610812,2,1,544,3056,6.250000,16.360200,13600,no
54,SELL,0.156346,21:07:23.360020680,no,-,-,-,-,0.814027,1.228460,0.610812,2,1,552,3048,6.250000,16.123100,13600,no
55,SELL,-0.303030,21:07:23.360020680,no,-,-,-,-,0.895430,1.116782,0.610812,2,1,556,3044,6.250000,16.007100,13600,no
56,SELL,-0.188632,21:07:23.360020680,no,-,-,-,-,0.984973,1.015256,0.610812,2,1,562,3038,6.250000,15.836200,13600,no
57,SELL,0.196620,21:07:23.360020680,no,-,-,-,-,1.083471,0.922960,0.610812,2,1,567,3033,6.250000,15.696600,13600,no
58,SELL,0.387408,21:07:23.360020680,no,-,-,-,-,1.191818,0.839055,0.610812,2,1,570,3030,6.250000,15.614000,13600,no
59,SELL,0.257426,21:07:23.360020680,no,-,-,-,-,1.310999,0.762777,0.610812,2,1,575,3025,6.250000,15.478200,13600,no
60,SELL,-0.505123,21:07:23.360020680,no,-,-,-,-,1.442099,0.693433,0.610812,2,1,578,3022,6.250000,15.397900,13600,no
61,SELL,0.015203,21:07:23.360020680,no,-,-,-,-,1.586309,0.630394,0.610812,2,1,583,3017,6.250000,15.265800,13600,no
62,SELL,0.265419,21:07:23.360020680,no,-,-,-,-,1.744940,0.573086,0.610812,2,1,586,3014,6.250000,15.187700,13600,no
63,SELL,0.266283,21:07:23.360020680,no,-,-,-,-,1.919434,0.520987,0.610812,2,1,591,3009,6.250000,15.059200,13600,no
64,SELL,0.188900,21:07:23.360020680,no,-,-,-,-,2.111378,0.473624,0.610812,2,1,594,3006,6.250000,14.983100,13600,no
65,SELL,0.224927,21:07:23.360020680,no,-,-,-,-,2.322515,0.430568,0.610812,2,1,599,3001,6.250000,14.858000,13600,no
66,SELL,0.170211,21:07:23.360020680,no,-,-,-,-,2.554767,0.391425,0.610812,2,1,604,2996,6.250000,14.735000,13600,no
67,SELL,-0.011193,21:07:23.360020680,no,-,-,-,-,2.810244,0.355841,0.610812,2,1,606,2994,6.250000,14.686400,13600,no
68,SELL,0.004645,21:07:23.360020680,no,-,-,-,-,3.091268,0.323492,0.610812,2,1,610,2990,6.250000,14.590100,13600,no
69,SELL,-0.604707,21:07:23.360020680,no,-,-,-,-,3.400395,0.294083,0.610812,2,1,614,2986,6.250000,14.495100,13600,no
70,SELL,0.336497,21:07:23.360020680,no,-,-,-,-,3.740434,0.267349,0.610812,2,1,617,2983,6.250000,14.424600,13600,no
71,SELL,0.678571,21:07:23.360020680,no,-,-,-,-,4.114478,0.243044,0.610812,2,1,621,2979,6.250000,14.331700,13600,no
72,SELL,0.523737,21:07:23.360020680,no,-,-,-,-,4.525926,0.220949,0.610812,2,1,624,2976,6.250000,14.262800,13600,no
73,SELL,0.147528,21:07:23.360020680,no,-,-,-,-,4.978518,0.200863,0.610812,2,1,629,2971,6.250000,14.149400,13600,no
74,SELL,0.202963,21:07:23.360020680,no,-,-,-,-,5.476370,0.182603,0.610812,2,1,633,2967,6.250000,14.060000,13600,no
75,SELL,0.108538,21:07:23.360020680,no,-,-,-,-,6.024007,0.166002,0.610812,2,1,637,2963,6.250000,13.971700,13600,no
76,SELL,0.273751,21:07:23.360020680,no,-,-,-,-,6.626408,0.150911,0.610812,2,1,640,2960,6.250000,13.906200,13600,no
77,SELL,0.180120,21:07:23.360020680,no,-,-,-,-,7.289048,0.137192,0.610812,2,1,642,2958,6.250000,13.862900,13600,no
78,SELL,0.204638,21:07:23.360020680,no,-,-,-,-,8.017953,0.124720,0.610812,2,1,644,2956,6.250000,13.819800,13600,no
79,SELL,-0.399859,21:07:23.360020680,no,-,-,-,-,8.819749,0.113382,0.610812,2,1,651,2949,6.250000,13.671200,13600,no
80,SELL,-0.145442,21:07:23.360020680,no,-,-,-,-,9.701723,0.103074,0.610812,2,1,655,2945,6.250000,13.587700,13600,no
81,SELL,-0.282817,21:07:23.360020680,no,-,-,-,-,10.000000,0.100000,0.610812,2,1,658,2942,6.250000,13.525800,13600,no
82,SELL,-0.383680,21:07:23.360020680,no,-,-,-,-,10.000000,0.100000,0.610812,2,1,662,2938,6.250000,13.444100,13600,no
83,SELL,-0.384243,21:07:23.360020680,no,-,-,-,-,10.000000,0.100000,0.610812,2,1,667,2933,6.250000,13.343300,13600,no
84,SELL,-0.564066,21:07:23.360020680,no,-,-,-,-,10.000000,0.100000,0.610812,2,1,669,2931,6.250000,13.303400,13600,no
85,SELL,-0.444067,21:07:23.360020680,no,-,-,-,-,10.000000,0.100000,0.610812,2,1,673,2927,6.250000,13.224300,13600,no
86,SELL,-0.213448,21:07:23.360020680,no,-,-,-,-,10.000000,0.100000,0.610812,2,1,676,2924,6.250000,13.165600,13600,no
87,SELL,-0.222628,21:07:23.360020680,no,-,-,-,-,10.000000,0.100000,0.610812,2,1,680,2920,6.250000,13.088200,13600,no
88,SELL,-0.117542,21:07:23.360020680,no,-,-,-,-,10.000000,0.100000,0.610812,2,1,683,2917,6.250000,13.030700,13600,no
89,SELL,-0.199469,21:07:23.360020680,no,-,-,-,-,10.000000,0.100000,0.610812,2,1,686,2914,6.250000,12.973700,13600,no
90,SELL,-0.214274,21:07:23.360020680,no,-,-,-,-,10.000000,0.100000,0.610812,2,1,690,2910,6.250000,12.898500,13600,no
91,SELL,-0.066943,21:07:23.360020680,no,-,-,-,-,10.000000,0.100000,0.610812,2,1,694,2906,6.250000,12.824200,13600,no
92,SELL,0.319718,21:07:23.360020680,no,-,-,-,-,10.000000,0.100000,0.610812,2,1,697,2903,6.250000,12.769000,13600,no
93,SELL,0.187668,21:07:23.360020680,no,-,-,-,-,10.000000,0.100000,0.610812,2,1,701,2899,6.250000,12.696100,13600,no
94,SELL,0.179892,21:07:23.360020680,no,-,-,-,-,10.000000,0.100000,0.610812,2,1,705,2895,6.250000,12.624100,13600,no
95,SELL,0.569120,21:07:23.360020680,no,-,-,-,-,10.000000,0.100000,0.610812,2,1,706,2894,6.250000,12.606200,13600,no
96,SELL,0.761703,21:07:23.360020680,no,-,-,-,-,10.000000,0.100000,0.610812,2,1,711,2889,6.250000,12.517500,13600,no
97,SELL,0.535244,21:07:23.360020680,no,-,-,-,-,10.000000,0.100000,0.610812,2,1,714,2886,6.250000,12.464900,13600,no
98,SELL,0.722168,21:07:23.360020680,no,-,-,-,-,10.000000,0.100000,0.610812,2,1,716,2884,6.250000,12.430100,13600,no
99,SELL,0.767842,21:07:23.360020680,no,-,-,-,-,10.000000,0.100000,0.610812,2,1,718,2882,6.250000,12.395500,13600,no
100,SELL,0.492950,21:07:23.360020680,no,-,-,-,-,10.000000,0.100000,0.610812,2,1,722,2878,6.250000,12.326800,13600,no
101,SELL,0.706557,21:07:23.360020680,no,-,-,-,-,10.000000,0.100000,0.610812,2,1,725,2875,6.250000,12.275800,13600,no
102,SELL,0.610202,21:07:23.360020680,no,-,-,-,-,10.000000,0.100000,0.610812,2,1,729,2871,6.250000,12.208500,13600,no
103,SELL,0.119553,21:07:23.360020680,no,-,-,-,-,10.000000,0.100000,0.610812,2,1,733,2867,6.250000,12.141800,13600,no
104,SELL,0.410063,21:07:23.360020680,no,-,-,-,-,10.000000,0.100000,0.610812,2,1,738,2862,6.250000,12.059600,13600,no
105,SELL,0.082008,21:07:23.360020680,no,-,-,-,-,10.000000,0.100000,0.610812,2,1,742,2858,6.250000,11.994600,13600,no
106,SELL,-0.069709,21:07:23.360020680,no,-,-,-,-,10.000000,0.100000,0.610812,2,1,749,2851,6.250000,11.882500,13600,no
107,SELL,-0.187565,21:07:23.360020680,no,-,-,-,-,10.000000,0.100000,0.610812,2,1,755,2845,6.250000,11.788000,13600,no
108,SELL,0.005101,21:07:23.360020680,no,-,-,-,-,10.000000,0.100000,0.610812,2,1,759,2841,6.250000,11.725900,13600,no
109,SELL,-0.171794,21:07:23.360020680,no,-,-,-,-,10.000000,0.100000,0.610812,2,1,763,2837,6.250000,11.664400,13600,no
110,SELL,-0.377749,21:07:23.360020680,no,-,-,-,-,10.000000,0.100000,0.610812,2,1,766,2834,6.250000,11.618700,13600,no
111,SELL,-0.440036,21:07:23.360020680,no,-,-,-,-,10.000000,0.100000,0.610812,2,1,770,2830,6.250000,11.558400,13600,no
112,SELL,0.357546,21:07:23.360020680,no,-,-,-,-,10.000000,0.100000,0.610812,2,1,773,2827,6.250000,11.513500,13600,no
113,SELL,0.369288,21:07:23.360020680,no,-,-,-,-,10.000000,0.100000,0.610812,2,1,777,2823,6.250000,11.454300,13600,no
114,SELL,0.348259,21:07:23.360020680,no,-,-,-,-,10.000000,0.100000,0.610812,2,1,781,2819,6.250000,11.395600,13600,no
115,SELL,0.258372,21:07:23.360020680,no,-,-,-,-,10.000000,0.100000,0.610812,2,1,784,2816,6.250000,11.352000,13600,no
116,SELL,-0.013099,21:07:23.360020680,no,-,-,-,-,10.000000,0.100000,0.610812,2,1,787,2813,6.250000,11.308700,13600,no
117,SELL,-0.044706,21:07:23.360020680,no,-,-,-,-,10.000000,0.100000,0.610812,2,1,789,2811,6.250000,11.280100,13600,no
118,SELL,0.036521,21:07:23.360020680,no,-,-,-,-,10.000000,0.100000,0.610812,2,1,792,2808,6.250000,11.237300,13600,no
119,SELL,0.181392,21:07:23.360020680,no,-,-,-,-,10.000000,0.100000,0.610812,2,1,795,2805,6.250000,11.194900,13600,no
120,SELL,0.266937,21:07:23.360020680,no,-,-,-,-,10.000000,0.100000,0.610812,2,1,799,2801,6.250000,11.138900,13600,no
121,SELL,0.161914,21:07:23.360020680,no,-,-,-,-,10.000000,0.100000,0.610812,2,1,802,2798,6.250000,11.097200,13600,no
122,SELL,-0.113960,21:07:23.360020680,no,-,-,-,-,10.000000,0.100000,0.610812,2,1,807,2793,6.250000,11.028500,13600,no
123,SELL,0.089355,21:07:23.360020680,no,-,-,-,-,10.000000,0.100000,0.610812,2,1,810,2790,6.250000,10.987600,13600,no
124,SELL,-0.363131,21:07:23.360020680,no,-,-,-,-,10.000000,0.100000,0.610812,2,1,814,2786,6.250000,10.933600,13600,no
125,SELL,-0.383939,21:07:23.360020680,no,-,-,-,-,10.000000,0.100000,0.610812,2,1,818,2782,6.250000,10.880100,13600,no
126,SELL,0.254245,21:07:23.360020680,no,-,-,-,-,10.000000,0.100000,0.610812,2,1,821,2779,6.250000,10.840400,13600,no
127,SELL,-0.073051,21:07:23.360020680,no,-,-,-,-,10.000000,0.100000,0.610812,2,1,825,2775,6.250000,10.787800,13600,no
128,SELL,-0.127237,21:07:23.360020680,no,-,-,-,-,10.000000,0.100000,0.610812,2,1,828,2772,6.250000,10.748700,13600,no
129,SELL,0.179830,21:07:23.360020680,no,-,-,-,-,10.000000,0.100000,0.610812,2,1,832,2768,6.250000,10.697100,13600,no
130,SELL,0.172197,21:07:23.360020680,no,-,-,-,-,10.000000,0.100000,0.610812,2,1,835,2765,6.250000,10.658600,13600,no
131,SELL,0.309360,21:07:23.360020680,no,-,-,-,-,10.000000,0.100000,0.610812,2,1,837,2763,6.250000,10.633200,13600,no
132,SELL,0.155348,21:07:23.360020680,no,-,-,-,-,10.000000,0.100000,0.610812,2,1,841,2759,6.250000,10.582600,13600,no
133,SELL,0.610772,21:07:23.360020680,no,-,-,-,-,10.000000,0.100000,0.610812,2,1,844,2756,6.250000,10.545000,13600,no
134,SELL,0.677798,21:07:23.360020680,no,-,-,-,-,10.000000,0.100000,0.610812,2,1,848,2752,6.250000,10.495200,13600,no
135,SELL,0.452590,21:07:23.360020680,no,-,-,-,-,10.000000,0.100000,0.610812,2,1,850,2750,6.250000,10.470500,13600,no
136,SELL,1.649253,21:07:23.360020680,no,-,-,-,-,10.000000,0.100000,0.610812,2,1,854,2746,6.250000,10.421500,13600,no
137,SELL,0.603322,21:07:23.360020680,no,-,-,-,-,10.000000,0.100000,0.610812,2,1,858,2742,6.250000,10.372900,13600,no
138,SELL,0.643623,21:07:23.360020680,no,-,-,-,-,10.000000,0.100000,0.610812,2,1,860,2740,6.250000,10.348800,13600,no
139,SELL,0.689898,21:07:23.360020680,no,-,-,-,-,10.000000,0.100000,0.610812,2,1,863,2737,6.250000,10.312800,13600,no
140,SELL,1.697722,21:07:23.360020680,no,-,-,-,-,10.000000,0.100000,0.610812,2,1,867,2733,6.250000,10.265200,13600,no
141,SELL,1.526882,21:07:23.360020680,no,-,-,-,-,10.000000,0.100000,0.610812,2,1,870,2730,6.250000,10.229800,13600,no
142,SELL,1.655833,21:07:23.360020680,no,-,-,-,-,10.000000,0.100000,0.610812,2,1,875,2725,6.250000,10.171400,13600,no
143,SELL,1.564380,21:07:23.360020680,no,-,-,-,-,10.000000,0.100000,0.610812,2,1,877,2723,6.250000,10.148200,13600,no
144,SELL,1.291815,21:07:23.360020680,no,-,-,-,-,10.000000,0.100000,0.610812,2,1,881,2719,6.250000,10.102100,13600,no
145,SELL,1.046643,21:07:23.360020680,no,-,-,-,-,10.000000,0.100000,0.610812,2,1,884,2716,6.250000,10.067800,13600,no
146,SELL,1.562321,21:07:23.360020680,no,-,-,-,-,10.000000,0.100000,0.610812,2,1,888,2712,6.250000,10.022500,13600,no
147,SELL,1.185640,21:07:23.360020680,no,-,-,-,-,10.000000,0.100000,0.610812,2,1,892,2708,6.250000,9.977500,13600,no
148,SELL,1.132547,21:07:23.360020680,no,-,-,-,-,10.000000,0.100000,0.610812,2,1,895,2705,6.250000,9.944100,13600,no
149,SELL,0.030442,21:07:23.360020680,no,-,-,-,-,10.000000,0.100000,0.610812,2,1,898,2702,6.250000,9.910900,13600,no
150,SELL,0.419929,21:07:23.360020680,no,-,-,-,-,10.000000,0.100000,0.610812,2,1,902,2698,6.250000,9.866900,13600,no
151,SELL,0.804562,21:07:23.360020680,no,-,-,-,-,10.000000,0.100000,0.610812,2,1,904,2696,6.250000,9.845100,13600,no
152,SELL,0.493168,21:07:23.360020680,no,-,-,-,-,10.000000,0.100000,0.610812,2,1,907,2693,6.250000,9.812500,13600,no
153,SELL,0.640768,21:07:23.360020680,no,-,-,-,-,10.000000,0.100000,0.610812,2,1,909,2691,6.250000,9.790900,13600,no
154,SELL,0.791014,21:07:23.360020680,no,-,-,-,-,10.000000,0.100000,0.610812,2,1,1189,2411,6.250000,7.485200,13600,no
155,SELL,0.658718,21:07:23.360020680,no,-,-,-,-,10.000000,0.100000,0.610812,2,1,1193,2407,6.250000,7.460100,13600,no
156,SELL,0.965225,21:07:23.360020680,no,-,-,-,-,10.000000,0.100000,0.610812,2,1,1197,2403,6.250000,7.435200,13600,no
157,SELL,1.041942,21:07:23.360020680,no,-,-,-,-,10.000000,0.100000,0.610812,2,1,1201,2399,6.250000,7.410400,13600,no
158,SELL,1.241174,21:07:23.360020680,no,-,-,-,-,10.000000,0.100000,0.610812,2,1,1206,2394,6.250000,7.379700,13600,no
159,SELL,1.380894,21:07:23.360020680,no,-,-,-,-,10.000000,0.100000,0.610812,2,1,1212,2388,6.250000,7.343200,13600,no
160,SELL,0.428565,21:07:23.360020680,no,-,-,-,-,10.000000,0.100000,0.610812,2,1,1219,2381,6.250000,7.301000,13600,no
161,SELL,0.334907,21:07:23.360020680,no,-,-,-,-,10.000000,0.100000,0.610812,2,1,1225,2375,6.250000,7.265300,13600,no
162,SELL,0.247722,21:07:23.360020680,no,-,-,-,-,10.000000,0.100000,0.610812,2,1,1230,2370,6.250000,7.235700,13600,no
163,SELL,-0.453821,21:07:23.360020680,no,-,-,-,-,10.000000,0.100000,0.610812,2,1,1233,2367,6.250000,7.218100,13600,no
164,SELL,-0.146996,21:07:23.360020680,no,-,-,-,-,10.000000,0.100000,0.610812,2,1,1237,2363,6.250000,7.194800,13600,no
165,SELL,-0.121626,21:07:23.360020680,no,-,-,-,-,10.000000,0.100000,0.610812,2,1,1242,2358,6.250000,7.165800,13600,no
166,SELL,-0.487311,21:07:23.360020680,no,-,-,-,-,10.000000,0.100000,0.610812,2,1,1247,2353,6.250000,7.137100,13600,no
167,SELL,-0.659682,21:07:23.360020680,no,-,-,-,-,10.000000,0.100000,0.610812,2,1,1251,2349,6.250000,7.114300,13600,no
168,SELL,-0.570759,21:07:23.360020680,no,-,-,-,-,10.000000,0.100000,0.610812,2,1,1254,2346,6.250000,7.097200,13600,no
169,SELL,-0.544471,21:07:23.360020680,no,-,-,-,-,10.000000,0.100000,0.610812,2,1,1258,2342,6.250000,7.074700,13600,no
170,SELL,-0.226639,21:07:23.360020680,no,-,-,-,-,10.000000,0.100000,0.610812,2,1,1263,2337,6.250000,7.046700,13600,no
171,SELL,0.005703,21:07:23.360020680,no,-,-,-,-,10.000000,0.100000,0.610812,2,1,1267,2333,6.250000,7.024400,13600,no
172,SELL,-0.218721,21:07:23.360020680,no,-,-,-,-,10.000000,0.100000,0.610812,2,1,1271,2329,6.250000,7.002300,13600,no
173,SELL,-0.311839,21:07:23.360020680,no,-,-,-,-,10.000000,0.100000,0.610812,2,1,1275,2325,6.250000,6.980300,13600,no
174,SELL,-0.515290,21:07:23.360020680,no,-,-,-,-,10.000000,0.100000,0.610812,2,1,1278,2322,6.250000,6.964000,13600,no
175,SELL,-0.074798,21:07:23.360020680,no,-,-,-,-,10.000000,0.100000,0.610812,2,1,1282,2318,6.250000,6.942200,13600,no
176,SELL,0.258884,21:07:23.360020680,no,-,-,-,-,10.000000,0.100000,0.610812,2,1,1286,2314,6.250000,6.920600,13600,no
177,SELL,0.361272,21:07:23.360020680,no,-,-,-,-,10.000000,0.100000,0.610812,2,1,1291,2309,6.250000,6.893800,13600,no
178,SELL,0.177565,21:07:23.360020680,no,-,-,-,-,10.000000,0.100000,0.610812,2,1,1296,2304,6.250000,6.867200,13600,no
179,SELL,0.548365,21:07:23.360020680,no,-,-,-,-,10.000000,0.100000,0.610812,2,1,1299,2301,6.250000,6.851400,13600,no
180,SELL,-1.246268,21:07:23.360020680,no,-,-,-,-,10.000000,0.100000,0.610812,2,1,1303,2297,6.250000,6.830300,13600,no
181,SELL,1.229679,21:07:23.360020680,no,-,-,-,-,10.000000,0.100000,0.610812,2,1,1308,2292,6.250000,6.804200,13600,no
182,SELL,0.355246,21:07:23.360020680,no,-,-,-,-,10.000000,0.100000,0.610812,2,1,1312,2288,6.250000,6.783500,13600,no
183,SELL,0.841827,21:07:23.360020680,no,-,-,-,-,10.000000,0.100000,0.610812,2,1,1315,2285,6.250000,6.768000,13600,no
184,SELL,0.538404,21:07:23.360020680,no,-,-,-,-,10.000000,0.100000,0.610812,2,1,1320,2280,6.250000,6.742400,13600,no
185,SELL,-0.378495,21:07:23.360020680,no,-,-,-,-,10.000000,0.100000,0.610812,2,1,1325,2275,6.250000,6.716900,13600,no
186,SELL,0.689705,21:07:23.360020680,no,-,-,-,-,10.000000,0.100000,0.610812,2,1,1330,2270,6.250000,6.691700,13600,no
187,SELL,0.625533,21:07:23.360020680,no,-,-,-,-,10.000000,0.100000,0.610812,2,1,1334,2266,6.250000,6.671600,13600,no
188,SELL,0.050856,21:07:23.360020680,no,-,-,-,-,10.000000,0.100000,0.610812,2,1,1338,2262,6.250000,6.651700,13600,no
189,SELL,0.520017,21:07:23.360020680,no,-,-,-,-,10.000000,0.100000,0.610812,2,1,1342,2258,6.250000,6.631800,13600,no
190,SELL,0.290365,21:07:23.360020680,no,-,-,-,-,10.000000,0.100000,0.610812,2,1,1347,2253,6.250000,6.607200,13600,no
191,SELL,0.424119,21:07:23.360020680,no,-,-,-,-,10.000000,0.100000,0.610812,2,1,1351,2249,6.250000,6.587700,13600,no
192,SELL,0.343044,21:07:23.360020680,no,-,-,-,-,10.000000,0.100000,0.610812,2,1,1354,2246,6.250000,6.573100,13600,no
193,SELL,1.200526,21:07:23.360020680,no,-,-,-,-,10.000000,0.100000,0.610812,2,1,1357,2243,6.250000,6.558500,13600,no
194,SELL,0.470222,21:07:23.360020680,no,-,-,-,-,10.000000,0.100000,0.610812,2,1,1365,2235,6.250000,6.520100,13600,no
195,SELL,0.993421,21:07:23.360020680,no,-,-,-,-,10.000000,0.100000,0.610812,2,1,1369,2231,6.250000,6.501000,13600,no
196,SELL,0.241614,21:07:23.360020680,no,-,-,-,-,10.000000,0.100000,0.610812,2,1,1374,2226,6.250000,6.477400,13600,no
197,SELL,1.588507,21:07:23.360020680,no,-,-,-,-,10.000000,0.100000,0.610812,2,1,1422,2178,6.250000,6.258700,13600,no
198,SELL,1.148833,21:07:23.360020680,no,-,-,-,-,9.090909,0.110000,0.610812,2,1,1427,2173,6.250000,6.236800,13600,no
199,SELL,1.222716,21:07:23.360020680,no,-,-,-,-,8.264463,0.121000,0.610812,2,1,1437,2163,6.250000,6.193400,13600,no
200,SELL,0.734835,21:07:23.360020680,no,-,-,-,-,7.513148,0.133100,0.610812,2,1,1490,2110,6.250000,5.973100,13600,no
201,SELL,0.557435,21:07:23.360020680,no,-,-,-,-,6.830135,0.146410,0.610812,2,1,1494,2106,6.250000,5.957100,13600,no
202,SELL,0.478894,21:07:23.360020680,no,-,-,-,-,6.209213,0.161051,0.610812,2,1,1554,2046,6.250000,5.727100,13600,no
203,SELL,0.751243,21:07:23.360020680,no,-,-,-,-,5.644739,0.177156,0.610812,2,1,1559,2041,6.250000,5.708700,13600,no
204,SELL,0.363606,21:07:23.360020680,no,-,-,-,-,5.131581,0.194872,0.610812,2,1,1562,2038,6.250000,5.697800,13600,no
205,SELL,0.320672,21:07:23.360020680,no,-,-,-,-,4.665074,0.214359,0.610812,2,1,1565,2035,6.250000,5.686900,13600,no
206,SELL,0.390328,21:07:23.360020680,no,-,-,-,-,4.240976,0.235795,0.610812,2,1,1567,2033,6.250000,5.679600,13600,no
207,SELL,0.150176,21:07:23.360020680,no,-,-,-,-,3.855433,0.259374,0.610812,2,1,1576,2024,6.250000,5.647200,13600,no
208,SELL,0.259140,21:07:23.360020680,no,-,-,-,-,3.504939,0.285312,0.610812,2,1,1579,2021,6.250000,5.636400,13600,no
209,SELL,-0.031429,21:07:23.360020680,no,-,-,-,-,3.186308,0.313843,0.610812,2,1,1583,2017,6.250000,5.622200,13600,no
210,SELL,0.133213,21:07:23.360020680,no,-,-,-,-,2.896644,0.345227,0.610812,2,1,1587,2013,6.250000,5.608000,13600,no
211,SELL,-0.444466,21:07:23.360020680,no,-,-,-,-,2.633313,0.379750,0.610812,2,1,1592,2008,6.250000,5.590400,13600,no
212,SELL,0.627467,21:07:23.360020680,no,-,-,-,-,2.393920,0.417725,0.610812,2,1,1620,1980,6.250000,5.493800,13600,no
213,SELL,0.382871,21:07:23.360020680,no,-,-,-,-,2.176291,0.459497,0.610812,2,1,1623,1977,6.250000,5.483600,13600,no
214,SELL,0.269039,21:07:23.360020680,no,-,-,-,-,1.978447,0.505447,0.610812,2,1,1648,1952,6.250000,5.400400,13600,no
215,SELL,0.222858,21:07:23.360020680,no,-,-,-,-,1.798588,0.555992,0.610812,2,1,1655,1945,6.250000,5.377600,13600,no
216,SELL,0.097241,21:07:23.360020680,no,-,-,-,-,1.635080,0.611591,0.610812,2,1,1657,1943,6.250000,5.371100,13600,no
217,SELL,2.337594,21:07:23.360020680,yes,11.280000,ask1,13600,00:00:00.000031950,1.486436,0.672750,0.610812,2,1,4926,-1326,6.250000,1.806700,13600,yes
218,SELL,2.507654,21:07:23.360020680,yes,11.280000,ask1,13600,00:00:00.000025287,1.351306,0.740025,0.610812,2,1,4930,-1330,6.250000,1.805200,13600,yes
219,SELL,1.849228,21:07:23.360020680,yes,11.280000,ask1,13600,00:00:00.000025158,1.228460,0.814027,0.610812,2,1,4934,-1334,6.250000,1.803800,13600,yes
220,SELL,2.739439,21:07:23.360020680,yes,11.280000,ask1,13600,00:00:00.000032141,1.116782,0.895430,0.610812,2,1,4937,-1337,6.250000,1.802700,13600,yes
221,SELL,2.061281,21:07:23.360020680,yes,11.280000,ask1,13600,00:00:00.000024561,1.015256,0.984973,0.610812,2,1,4942,-1342,6.250000,1.800800,13600,yes
222,SELL,2.960264,21:07:23.360020680,yes,11.280000,ask1,13600,00:00:00.000024996,0.922960,1.083471,0.610812,2,1,4946,-1346,6.250000,1.799400,13600,yes
223,SELL,3.021099,21:07:23.360020680,yes,11.280000,ask1,13600,00:00:00.000025420,0.839055,1.191818,0.610812,2,1,4948,-1348,6.250000,1.798700,13600,yes
224,SELL,3.769537,21:07:23.360020680,yes,11.280000,ask1,13600,00:00:00.000025467,0.762777,1.310999,0.610812,2,1,4953,-1353,6.250000,1.796800,13600,yes
225,SELL,2.296981,21:07:23.360020680,yes,11.280000,ask1,13600,00:00:00.000024395,0.693433,1.442099,0.610812,2,1,4957,-1357,6.250000,1.795400,13600,yes
226,SELL,2.624497,21:07:23.360020680,yes,11.280000,ask1,13600,00:00:00.000025741,0.630394,1.586309,0.610812,2,1,4960,-1360,6.250000,1.794300,13600,yes
227,SELL,1.871140,21:07:23.360020680,yes,11.280000,ask1,13600,00:00:00.000024941,0.573086,1.744940,0.610812,2,1,4964,-1364,6.250000,1.792900,13600,yes
228,SELL,2.549629,21:07:23.360020680,yes,11.280000,ask1,13600,00:00:00.000025874,0.520987,1.919434,0.610812,2,1,4967,-1367,6.250000,1.791800,13600,yes
229,SELL,1.660164,21:07:23.360020680,yes,11.280000,ask1,13600,00:00:00.000025495,0.473624,2.111378,0.610812,2,1,4971,-1371,6.250000,1.790300,13600,yes
230,SELL,2.667652,21:07:23.360020680,yes,11.280000,ask1,13600,00:00:00.000025125,0.430568,2.322515,0.610812,2,1,4980,-1380,6.250000,1.787100,13600,yes
231,SELL,1.681381,21:07:23.360020680,no,-,-,-,-,0.391425,2.554767,0.610812,2,1,4984,-1384,6.250000,1.785700,13600,yes
232,SELL,1.688181,21:07:23.360020680,no,-,-,-,-,0.355841,2.810244,0.610812,2,1,4990,-1390,6.250000,1.783500,13600,yes
233,SELL,1.341974,21:07:23.360020680,no,-,-,-,-,0.323492,3.091268,0.610812,2,1,4993,-1393,6.250000,1.782400,13600,yes
234,SELL,1.231059,21:07:23.360020680,no,-,-,-,-,0.294083,3.400395,0.610812,2,1,4998,-1398,6.250000,1.780700,13600,yes
235,SELL,1.253898,21:07:23.360020680,no,-,-,-,-,0.267349,3.740434,0.610812,2,1,5003,-1403,6.250000,1.778900,13600,yes
236,SELL,0.671950,21:07:23.360020680,no,-,-,-,-,0.243044,4.114478,0.610812,2,1,5032,-1432,6.250000,1.768600,13600,yes
237,SELL,1.471662,21:07:23.360020680,no,-,-,-,-,0.220949,4.525926,0.610812,2,1,5035,-1435,6.250000,1.767600,13600,yes
238,SELL,0.842454,21:07:23.360020680,no,-,-,-,-,0.200863,4.978518,0.610812,2,1,5037,-1437,6.250000,1.766900,13600,yes
239,SELL,1.316042,21:07:23.360020680,no,-,-,-,-,0.182603,5.476370,0.610812,2,1,5041,-1441,6.250000,1.765500,13600,yes
