轮数,方向,预测值,算法开始时间,是否下单,下单价格,档位,下单量,下单耗时(从预测到下单),r1,r2,std,freq,qty_scalar,经过时间,剩余时间,目标速度,实际速度,剩余量,是否为最后一轮
1,SELL,-0.422112,21:07:23.354885103,no,-,-,-,-,0.909091,1.100000,0.629985,2,1,335,3265,8.750000,0.000000,31500,no
2,SELL,-0.387993,21:07:23.354885103,no,-,-,-,-,0.826446,1.210000,0.629985,2,1,339,3261,8.750000,0.000000,31500,no
3,SELL,-0.596306,21:07:23.354885103,yes,11.539900,bid1,100,00:00:00.000036838,0.751315,1.331000,0.629985,2,1,343,3257,8.750000,0.291500,31400,no
4,SELL,-0.488210,21:07:23.354885103,yes,11.539900,bid1,100,00:00:00.000035279,0.683013,1.464100,0.629985,2,1,347,3253,8.750000,0.288100,31400,no
5,SELL,-0.424706,21:07:23.354885103,yes,11.539900,bid1,100,00:00:00.000044012,0.620921,1.610510,0.629985,2,1,351,3249,8.750000,0.854700,31200,no
6,SELL,-0.382450,21:07:23.354885103,yes,11.539900,bid1,100,00:00:00.000036366,0.564474,1.771561,0.629985,2,1,355,3245,8.750000,0.845000,31200,no
7,SELL,-0.472894,21:07:23.354885103,yes,11.539900,bid1,100,00:00:00.000036345,0.513158,1.948717,0.629985,2,1,359,3241,8.750000,1.392700,31000,no
8,SELL,-0.569115,21:07:23.354885103,yes,11.539900,bid1,200,00:00:00.000056911,0.466507,2.143589,0.629985,2,1,362,3238,8.750000,1.933700,30800,no
9,SELL,-0.583284,21:07:23.354885103,yes,11.539900,bid1,200,00:00:00.000045396,0.424098,2.357948,0.629985,2,1,366,3234,8.750000,2.459000,30600,no
10,SELL,-0.548286,21:07:23.354885103,yes,11.539900,bid1,200,00:00:00.000060044,0.385543,2.593742,0.629985,2,1,369,3231,8.750000,2.981000,30400,no
11,SELL,-0.361682,21:07:23.354885103,yes,11.539900,bid1,200,00:00:00.000035673,0.350494,2.853117,0.629985,2,1,373,3227,8.750000,3.485200,30200,no
12,SELL,0.032898,21:07:23.354885103,no,-,-,-,-,0.318631,3.138428,0.629985,2,1,376,3224,8.750000,3.457400,30200,no
13,SELL,-0.300069,21:07:23.354885103,yes,11.539900,bid1,300,00:00:00.000036045,0.289664,3.452271,0.629985,2,1,381,3219,8.750000,4.199400,29900,no
14,SELL,-0.511068,21:07:23.354885103,yes,11.539900,bid1,300,00:00:00.000036900,0.263331,3.797498,0.629985,2,1,383,3217,8.750000,4.960800,29600,no
15,SELL,-0.507008,21:07:23.354885103,yes,11.539900,bid1,400,00:00:00.000036920,0.239392,4.177248,0.629985,2,1,387,3213,8.750000,5.943100,29200,no
16,SELL,-0.554806,21:07:23.354885103,yes,11.539900,bid1,400,00:00:00.000037344,0.217629,4.594973,0.629985,2,1,392,3208,8.750000,6.887700,28800,no
17,SELL,-0.323495,21:07:23.354885103,yes,11.539900,bid1,500,00:00:00.000048178,0.197845,5.054470,0.629985,2,1,396,3204,8.750000,8.080800,28300,no
18,SELL,-0.199278,21:07:23.354885103,yes,11.539900,bid1,500,00:00:00.000056418,0.179859,5.559917,0.629985,2,1,398,3202,8.750000,9.296400,27800,no
19,SELL,-0.199432,21:07:23.354885103,yes,11.539900,bid1,500,00:00:00.000034860,0.179859,5.559917,0.629985,2,1,402,3198,8.750000,10.447700,27300,no
20,SELL,-0.233156,21:07:23.354885103,yes,11.539900,bid1,500,00:00:00.000035613,0.179859,5.559917,0.629985,2,1,406,3194,8.750000,11.576300,26800,no
21,SELL,-0.275070,21:07:23.354885103,yes,11.539900,bid1,500,00:00:00.000034233,0.179859,5.559917,0.629985,2,1,409,3191,8.750000,12.713900,26300,no
22,SELL,-0.170674,21:07:23.354885103,yes,11.539900,bid1,500,00:00:00.000043981,0.179859,5.559917,0.629985,2,1,412,3188,8.750000,13.834900,25800,no
23,SELL,-0.250267,21:07:23.354885103,yes,11.539900,bid1,500,00:00:00.000060546,0.179859,5.559917,0.629985,2,1,416,3184,8.750000,14.903800,25300,no
24,SELL,-0.537943,21:07:23.354885103,yes,11.539900,bid1,500,00:00:00.000059217,0.179859,5.559917,0.629985,2,1,422,3178,8.750000,15.876700,24800,no
25,SELL,-0.451313,21:07:23.354885103,yes,11.539900,bid1,500,00:00:00.000038266,0.179859,5.559917,0.629985,2,1,426,3174,8.750000,16.901400,24300,no
26,SELL,-0.489595,21:07:23.354885103,yes,11.539900,bid1,500,00:00:00.000039098,0.179859,5.559917,0.629985,2,1,431,3169,8.750000,17.865400,23800,no
27,SELL,-0.471375,21:07:23.354885103,yes,11.539900,bid1,500,00:00:00.000035929,0.197845,5.054470,0.629985,2,1,437,3163,8.750000,18.764300,23300,no
28,SELL,-0.600353,21:07:23.354885103,yes,11.539900,bid1,400,00:00:00.000066327,0.217629,4.594973,0.629985,2,1,441,3159,8.750000,19.501100,22900,no
29,SELL,-0.529331,21:07:23.354885103,yes,11.539900,bid1,400,00:00:00.000035781,0.239392,4.177248,0.629985,2,1,444,3156,8.750000,20.270200,22500,no
30,SELL,-0.585951,21:07:23.354885103,yes,11.539900,bid1,300,00:00:00.000037010,0.263331,3.797498,0.629985,2,1,447,3153,8.750000,20.805300,22200,no
31,SELL,-0.608122,21:07:23.354885103,yes,11.539900,bid1,300,00:00:00.000038047,0.289664,3.452271,0.629985,2,1,451,3149,8.750000,21.286000,21900,no
32,SELL,-0.611140,21:07:23.354885103,yes,11.539900,bid1,300,00:00:00.000036043,0.318631,3.138428,0.629985,2,1,457,3143,8.750000,21.663000,21600,no
33,SELL,-0.673258,21:07:23.354885103,yes,11.539900,bid1,200,00:00:00.000050362,0.350494,2.853117,0.629985,2,1,460,3140,8.750000,21.956500,21400,no
34,SELL,-0.580679,21:07:23.354885103,yes,11.539900,bid1,200,00:00:00.000036624,0.385543,2.593742,0.629985,2,1,464,3136,8.750000,22.198200,21200,no
35,SELL,-0.627201,21:07:23.354885103,yes,11.539900,bid1,200,00:00:00.000035893,0.424098,2.357948,0.629985,2,1,470,3130,8.750000,22.340400,21000,no
36,SELL,-0.786278,21:07:23.354885103,yes,11.539900,bid1,200,00:00:00.000036240,0.466507,2.143589,0.629985,2,1,479,3121,8.750000,22.338200,20800,no
37,SELL,-0.666064,21:07:23.354885103,yes,11.539900,bid1,100,00:00:00.000037954,0.513158,1.948717,0.629985,2,1,482,3118,8.750000,22.406600,20700,no
38,SELL,-0.703968,21:07:23.354885103,yes,11.539900,bid1,100,00:00:00.000042293,0.564474,1.771561,0.629985,2,1,487,3113,8.750000,22.381900,20600,no
39,SELL,-0.842462,21:07:23.354885103,yes,11.539900,bid1,100,00:00:00.000042683,0.620921,1.610510,0.629985,2,1,490,3110,8.750000,22.448900,20500,no
40,SELL,-0.526612,21:07:23.354885103,yes,11.539900,bid1,100,00:00:00.000037207,0.683013,1.464100,0.629985,2,1,495,3105,8.750000,22.424200,20400,no
41,SELL,-0.609399,21:07:23.354885103,yes,11.539900,bid1,100,00:00:00.000036385,0.751315,1.331000,0.629985,2,1,501,3099,8.750000,22.355200,20300,no
42,SELL,-0.563061,21:07:23.354885103,yes,11.539900,bid1,100,00:00:00.000044096,0.826446,1.210000,0.629985,2,1,504,3096,8.750000,22.420600,20200,no
43,SELL,-0.610271,21:07:23.354885103,yes,11.539900,bid1,100,00:00:00.000035546,0.909091,1.100000,0.629985,2,1,508,3092,8.750000,22.440900,20100,no
44,SELL,-0.566389,21:07:23.354885103,no,-,-,-,-,1.000000,1.000000,0.629985,2,1,513,3087,8.750000,22.222200,20100,no
45,SELL,-0.673763,21:07:23.354885103,no,-,-,-,-,1.100000,0.909091,0.629985,2,1,517,3083,8.750000,22.050200,20100,no
46,SELL,-0.542531,21:07:23.354885103,no,-,-,-,-,1.210000,0.826446,0.629985,2,1,522,3078,8.750000,21.839000,20100,no
47,SELL,-0.516212,21:07:23.354885103,no,-,-,-,-,1.331000,0.751315,0.629985,2,1,526,3074,8.750000,21.673000,20100,no
48,SELL,-0.529053,21:07:23.354885103,no,-,-,-,-,1.464100,0.683013,0.629985,2,1,529,3071,8.750000,21.550000,20100,no
49,SELL,-0.605378,21:07:23.354885103,no,-,-,-,-,1.610510,0.620921,0.629985,2,1,534,3066,8.750000,21.348300,20100,no
50,SELL,-0.700263,21:07:23.354885103,no,-,-,-,-,1.771561,0.564474,0.629985,2,1,538,3062,8.750000,21.189500,20100,no
51,SELL,-0.736434,21:07:23.354885103,no,-,-,-,-,1.948717,0.513158,0.629985,2,1,544,3056,8.750000,20.955800,20100,no
52,SELL,-0.976951,21:07:23.354885103,no,-,-,-,-,2.143589,0.466507,0.629985,2,1,552,3048,8.750000,20.652100,20100,no
53,SELL,-1.366824,21:07:23.354885103,no,-,-,-,-,2.357948,0.424098,0.629985,2,1,557,3043,8.750000,20.466700,20100,no
54,SELL,-1.309263,21:07:23.354885103,no,-,-,-,-,2.593742,0.385543,0.629985,2,1,562,3038,8.750000,20.284600,20100,no
55,SELL,-1.347164,21:07:23.354885103,no,-,-,-,-,2.853117,0.350494,0.629985,2,1,567,3033,8.750000,20.105800,20100,no
56,SELL,-1.138161,21:07:23.354885103,no,-,-,-,-,3.138428,0.318631,0.629985,2,1,570,3030,8.750000,20.000000,20100,no
57,SELL,-0.887870,21:07:23.354885103,no,-,-,-,-,3.452271,0.289664,0.629985,2,1,575,3025,8.750000,19.826000,20100,no
58,SELL,-1.044729,21:07:23.354885103,no,-,-,-,-,3.797498,0.263331,0.629985,2,1,578,3022,8.750000,19.723100,20100,no
59,SELL,-0.476827,21:07:23.354885103,no,-,-,-,-,4.177248,0.239392,0.629985,2,1,583,3017,8.750000,19.554000,20100,no
60,SELL,-0.512536,21:07:23.354885103,no,-,-,-,-,4.594973,0.217629,0.629985,2,1,586,3014,8.750000,19.453900,20100,no
61,SELL,-0.629717,21:07:23.354885103,no,-,-,-,-,5.054470,0.197845,0.629985,2,1,591,3009,8.750000,19.289300,20100,no
62,SELL,-0.615365,21:07:23.354885103,no,-,-,-,-,5.559917,0.179859,0.629985,2,1,595,3005,8.750000,19.159600,20100,no
63,SELL,-0.528880,21:07:23.354885103,no,-,-,-,-,6.115909,0.163508,0.629985,2,1,599,3001,8.750000,19.031700,20100,no
64,SELL,0.045860,21:07:23.354885103,no,-,-,-,-,6.727500,0.148644,0.629985,2,1,604,2996,8.750000,18.874100,20100,no
65,SELL,-0.448654,21:07:23.354885103,no,-,-,-,-,7.400250,0.135131,0.629985,2,1,607,2993,8.750000,18.780800,20100,no
66,SELL,-0.465868,21:07:23.354885103,no,-,-,-,-,8.140275,0.122846,0.629985,2,1,610,2990,8.750000,18.688500,20100,no
67,SELL,-0.432674,21:07:23.354885103,no,-,-,-,-,8.954302,0.111678,0.629985,2,1,614,2986,8.750000,18.566700,20100,no
68,SELL,-0.192845,21:07:23.354885103,no,-,-,-,-,9.849733,0.101526,0.629985,2,1,617,2983,8.750000,18.476400,20100,no
69,SELL,-0.211261,21:07:23.354885103,no,-,-,-,-,10.000000,0.100000,0.629985,2,1,621,2979,8.750000,18.357400,20100,no
70,SELL,0.296934,21:07:23.354885103,no,-,-,-,-,10.000000,0.100000,0.629985,2,1,625,2975,8.750000,18.239900,20100,no
71,SELL,0.290590,21:07:23.354885103,no,-,-,-,-,10.000000,0.100000,0.629985,2,1,629,2971,8.750000,18.124000,20100,no
72,SELL,-0.031358,21:07:23.354885103,no,-,-,-,-,10.000000,0.100000,0.629985,2,1,633,2967,8.750000,18.009400,20100,no
73,SELL,-0.012985,21:07:23.354885103,no,-,-,-,-,10.000000,0.100000,0.629985,2,1,637,2963,8.750000,17.896300,20100,no
74,SELL,-0.324756,21:07:23.354885103,no,-,-,-,-,10.000000,0.100000,0.629985,2,1,640,2960,8.750000,17.812500,20100,no
75,SELL,-0.305822,21:07:23.354885103,no,-,-,-,-,10.000000,0.100000,0.629985,2,1,642,2958,8.750000,17.757000,20100,no
76,SELL,-0.319001,21:07:23.354885103,no,-,-,-,-,10.000000,0.100000,0.629985,2,1,644,2956,8.750000,17.701800,20100,no
77,SELL,-0.042114,21:07:23.354885103,no,-,-,-,-,10.000000,0.100000,0.629985,2,1,648,2952,8.750000,17.592500,20100,no
78,SELL,0.002143,21:07:23.354885103,no,-,-,-,-,10.000000,0.100000,0.629985,2,1,651,2949,8.750000,17.511500,20100,no
79,SELL,-0.596866,21:07:23.354885103,no,-,-,-,-,10.000000,0.100000,0.629985,2,1,655,2945,8.750000,17.404500,20100,no
80,SELL,0.115762,21:07:23.354885103,no,-,-,-,-,10.000000,0.100000,0.629985,2,1,658,2942,8.750000,17.325200,20100,no
81,SELL,-0.561060,21:07:23.354885103,no,-,-,-,-,10.000000,0.100000,0.629985,2,1,662,2938,8.750000,17.220500,20100,no
82,SELL,-0.025104,21:07:23.354885103,no,-,-,-,-,10.000000,0.100000,0.629985,2,1,667,2933,8.750000,17.091400,20100,no
83,SELL,-0.035835,21:07:23.354885103,no,-,-,-,-,10.000000,0.100000,0.629985,2,1,669,2931,8.750000,17.040300,20100,no
84,SELL,-0.009973,21:07:23.354885103,no,-,-,-,-,10.000000,0.100000,0.629985,2,1,673,2927,8.750000,16.939000,20100,no
85,SELL,-0.215257,21:07:23.354885103,no,-,-,-,-,10.000000,0.100000,0.629985,2,1,676,2924,8.750000,16.863900,20100,no
86,SELL,-0.285939,21:07:23.354885103,no,-,-,-,-,10.000000,0.100000,0.629985,2,1,680,2920,8.750000,16.764700,20100,no
87,SELL,-0.302839,21:07:23.354885103,no,-,-,-,-,10.000000,0.100000,0.629985,2,1,683,2917,8.750000,16.691000,20100,no
88,SELL,0.017572,21:07:23.354885103,no,-,-,-,-,10.000000,0.100000,0.629985,2,1,687,2913,8.750000,16.593800,20100,no
89,SELL,-0.134113,21:07:23.354885103,no,-,-,-,-,10.000000,0.100000,0.629985,2,1,694,2906,8.750000,16.426500,20100,no
90,SELL,-0.377936,21:07:23.354885103,no,-,-,-,-,10.000000,0.100000,0.629985,2,1,697,2903,8.750000,16.355800,20100,no
91,SELL,-0.289055,21:07:23.354885103,no,-,-,-,-,10.000000,0.100000,0.629985,2,1,701,2899,8.750000,16.262400,20100,no
92,SELL,-0.335318,21:07:23.354885103,no,-,-,-,-,10.000000,0.100000,0.629985,2,1,705,2895,8.750000,16.170200,20100,no
93,SELL,-0.639249,21:07:23.354885103,no,-,-,-,-,10.000000,0.100000,0.629985,2,1,707,2893,8.750000,16.124400,20100,no
94,SELL,-0.599302,21:07:23.354885103,no,-,-,-,-,10.000000,0.100000,0.629985,2,1,711,2889,8.750000,16.033700,20100,no
95,SELL,-0.095538,21:07:23.354885103,no,-,-,-,-,10.000000,0.100000,0.629985,2,1,714,2886,8.750000,15.966300,20100,no
96,SELL,0.033638,21:07:23.354885103,no,-,-,-,-,10.000000,0.100000,0.629985,2,1,716,2884,8.750000,15.921700,20100,no
97,SELL,0.102056,21:07:23.354885103,no,-,-,-,-,10.000000,0.100000,0.629985,2,1,719,2881,8.750000,15.855300,20100,no
98,SELL,0.122122,21:07:23.354885103,no,-,-,-,-,10.000000,0.100000,0.629985,2,1,722,2878,8.750000,15.789400,20100,no
99,SELL,0.200653,21:07:23.354885103,no,-,-,-,-,10.000000,0.100000,0.629985,2,1,725,2875,8.750000,15.724100,20100,no
100,SELL,0.107640,21:07:23.354885103,no,-,-,-,-,10.000000,0.100000,0.629985,2,1,729,2871,8.750000,15.637800,20100,no
101,SELL,-0.130672,21:07:23.354885103,no,-,-,-,-,10.000000,0.100000,0.629985,2,1,733,2867,8.750000,15.552500,20100,no
102,SELL,-0.235454,21:07:23.354885103,no,-,-,-,-,10.000000,0.100000,0.629985,2,1,738,2862,8.750000,15.447100,20100,no
103,SELL,-0.435392,21:07:23.354885103,no,-,-,-,-,10.000000,0.100000,0.629985,2,1,743,2857,8.750000,15.343200,20100,no
104,SELL,-0.637637,21:07:23.354885103,no,-,-,-,-,10.000000,0.100000,0.629985,2,1,750,2850,8.750000,15.200000,20100,no
105,SELL,0.082720,21:07:23.354885103,no,-,-,-,-,10.000000,0.100000,0.629985,2,1,755,2845,8.750000,15.099300,20100,no
106,SELL,0.285559,21:07:23.354885103,no,-,-,-,-,10.000000,0.100000,0.629985,2,1,759,2841,8.750000,15.019700,20100,no
107,SELL,0.299647,21:07:23.354885103,no,-,-,-,-,10.000000,0.100000,0.629985,2,1,764,2836,8.750000,14.921400,20100,no
108,SELL,0.341172,21:07:23.354885103,no,-,-,-,-,10.000000,0.100000,0.629985,2,1,766,2834,8.750000,14.882500,20100,no
109,SELL,0.078979,21:07:23.354885103,no,-,-,-,-,10.000000,0.100000,0.629985,2,1,770,2830,8.750000,14.805100,20100,no
110,SELL,0.303685,21:07:23.354885103,no,-,-,-,-,10.000000,0.100000,0.629985,2,1,773,2827,8.750000,14.747700,20100,no
111,SELL,0.152335,21:07:23.354885103,no,-,-,-,-,10.000000,0.100000,0.629985,2,1,777,2823,8.750000,14.671800,20100,no
112,SELL,0.174581,21:07:23.354885103,no,-,-,-,-,10.000000,0.100000,0.629985,2,1,781,2819,8.750000,14.596600,20100,no
113,SELL,-0.273975,21:07:23.354885103,no,-,-,-,-,10.000000,0.100000,0.629985,2,1,784,2816,8.750000,14.540800,20100,no
114,SELL,0.500641,21:07:23.354885103,no,-,-,-,-,10.000000,0.100000,0.629985,2,1,787,2813,8.750000,14.485300,20100,no
115,SELL,0.668132,21:07:23.354885103,no,-,-,-,-,10.000000,0.100000,0.629985,2,1,789,2811,8.750000,14.448600,20100,no
116,SELL,0.534980,21:07:23.354885103,no,-,-,-,-,10.000000,0.100000,0.629985,2,1,792,2808,8.750000,14.393900,20100,no
117,SELL,0.375081,21:07:23.354885103,no,-,-,-,-,10.000000,0.100000,0.629985,2,1,795,2805,8.750000,14.339600,20100,no
118,SELL,0.458391,21:07:23.354885103,no,-,-,-,-,10.000000,0.100000,0.629985,2,1,799,2801,8.750000,14.267800,20100,no
119,SELL,0.349047,21:07:23.354885103,no,-,-,-,-,10.000000,0.100000,0.629985,2,1,802,2798,8.750000,14.214400,20100,no
120,SELL,0.345565,21:07:23.354885103,no,-,-,-,-,10.000000,0.100000,0.629985,2,1,807,2793,8.750000,14.126300,20100,no
121,SELL,0.373866,21:07:23.354885103,no,-,-,-,-,10.000000,0.100000,0.629985,2,1,810,2790,8.750000,14.074000,20100,no
122,SELL,0.092263,21:07:23.354885103,no,-,-,-,-,10.000000,0.100000,0.629985,2,1,814,2786,8.750000,14.004900,20100,no
123,SELL,-0.139552,21:07:23.354885103,no,-,-,-,-,10.000000,0.100000,0.629985,2,1,818,2782,8.750000,13.936400,20100,no
124,SELL,-0.016072,21:07:23.354885103,no,-,-,-,-,10.000000,0.100000,0.629985,2,1,821,2779,8.750000,13.885500,20100,no
125,SELL,0.257756,21:07:23.354885103,no,-,-,-,-,10.000000,0.100000,0.629985,2,1,825,2775,8.750000,13.818100,20100,no
126,SELL,0.512401,21:07:23.354885103,no,-,-,-,-,10.000000,0.100000,0.629985,2,1,828,2772,8.750000,13.768100,20100,no
127,SELL,0.667086,21:07:23.354885103,no,-,-,-,-,10.000000,0.100000,0.629985,2,1,832,2768,8.750000,13.701900,20100,no
128,SELL,0.562302,21:07:23.354885103,no,-,-,-,-,10.000000,0.100000,0.629985,2,1,835,2765,8.750000,13.652600,20100,no
129,SELL,0.106764,21:07:23.354885103,no,-,-,-,-,10.000000,0.100000,0.629985,2,1,838,2762,8.750000,13.603800,20100,no
130,SELL,0.975795,21:07:23.354885103,no,-,-,-,-,10.000000,0.100000,0.629985,2,1,841,2759,8.750000,13.555200,20100,no
131,SELL,-0.048359,21:07:23.354885103,no,-,-,-,-,10.000000,0.100000,0.629985,2,1,844,2756,8.750000,13.507100,20100,no
132,SELL,-0.109678,21:07:23.354885103,no,-,-,-,-,10.000000,0.100000,0.629985,2,1,848,2752,8.750000,13.443300,20100,no
133,SELL,-0.173643,21:07:23.354885103,no,-,-,-,-,10.000000,0.100000,0.629985,2,1,850,2750,8.750000,13.411700,20100,no
134,SELL,-0.245824,21:07:23.354885103,no,-,-,-,-,10.000000,0.100000,0.629985,2,1,854,2746,8.750000,13.348900,20100,no
135,SELL,0.752111,21:07:23.354885103,no,-,-,-,-,10.000000,0.100000,0.629985,2,1,858,2742,8.750000,13.286700,20100,no
136,SELL,0.294229,21:07:23.354885103,no,-,-,-,-,10.000000,0.100000,0.629985,2,1,860,2740,8.750000,13.255800,20100,no
137,SELL,-0.302316,21:07:23.354885103,no,-,-,-,-,10.000000,0.100000,0.629985,2,1,863,2737,8.750000,13.209700,20100,no
138,SELL,0.485807,21:07:23.354885103,no,-,-,-,-,10.000000,0.100000,0.629985,2,1,867,2733,8.750000,13.148700,20100,no
139,SELL,0.400226,21:07:23.354885103,no,-,-,-,-,10.000000,0.100000,0.629985,2,1,870,2730,8.750000,13.103400,20100,no
140,SELL,0.107050,21:07:23.354885103,no,-,-,-,-,10.000000,0.100000,0.629985,2,1,875,2725,8.750000,13.028500,20100,no
141,SELL,-0.201584,21:07:23.354885103,no,-,-,-,-,10.000000,0.100000,0.629985,2,1,878,2722,8.750000,12.984000,20100,no
142,SELL,0.130638,21:07:23.354885103,no,-,-,-,-,10.000000,0.100000,0.629985,2,1,881,2719,8.750000,12.939800,20100,no
143,SELL,0.142194,21:07:23.354885103,no,-,-,-,-,10.000000,0.100000,0.629985,2,1,884,2716,8.750000,12.895900,20100,no
144,SELL,0.413472,21:07:23.354885103,no,-,-,-,-,10.000000,0.100000,0.629985,2,1,888,2712,8.750000,12.837800,20100,no
145,SELL,0.466825,21:07:23.354885103,no,-,-,-,-,10.000000,0.100000,0.629985,2,1,892,2708,8.750000,12.780200,20100,no
146,SELL,1.365523,21:07:23.354885103,no,-,-,-,-,10.000000,0.100000,0.629985,2,1,895,2705,8.750000,12.737400,20100,no
147,SELL,1.067666,21:07:23.354885103,no,-,-,-,-,10.000000,0.100000,0.629985,2,1,898,2702,8.750000,12.694800,20100,no
148,SELL,0.943539,21:07:23.354885103,no,-,-,-,-,10.000000,0.100000,0.629985,2,1,902,2698,8.750000,12.638500,20100,no
149,SELL,0.933345,21:07:23.354885103,no,-,-,-,-,10.000000,0.100000,0.629985,2,1,904,2696,8.750000,12.610600,20100,no
150,SELL,0.098043,21:07:23.354885103,no,-,-,-,-,10.000000,0.100000,0.629985,2,1,907,2693,8.750000,12.568900,20100,no
151,SELL,-0.228245,21:07:23.354885103,no,-,-,-,-,10.000000,0.100000,0.629985,2,1,909,2691,8.750000,12.541200,20100,no
152,SELL,-0.015438,21:07:23.354885103,no,-,-,-,-,10.000000,0.100000,0.629985,2,1,1190,2410,8.750000,9.579800,20100,no
153,SELL,-0.023524,21:07:23.354885103,no,-,-,-,-,10.000000,0.100000,0.629985,2,1,1193,2407,8.750000,9.555700,20100,no
154,SELL,0.064751,21:07:23.354885103,no,-,-,-,-,10.000000,0.100000,0.629985,2,1,1197,2403,8.750000,9.523800,20100,no
155,SELL,0.176907,21:07:23.354885103,no,-,-,-,-,10.000000,0.100000,0.629985,2,1,1201,2399,8.750000,9.492000,20100,no
156,SELL,0.060185,21:07:23.354885103,no,-,-,-,-,10.000000,0.100000,0.629985,2,1,1206,2394,8.750000,9.452700,20100,no
157,SELL,0.046206,21:07:23.354885103,no,-,-,-,-,10.000000,0.100000,0.629985,2,1,1212,2388,8.750000,9.405900,20100,no
158,SELL,-0.263491,21:07:23.354885103,no,-,-,-,-,10.000000,0.100000,0.629985,2,1,1219,2381,8.750000,9.351900,20100,no
159,SELL,-0.177830,21:07:23.354885103,no,-,-,-,-,10.000000,0.100000,0.629985,2,1,1225,2375,8.750000,9.306100,20100,no
160,SELL,0.062142,21:07:23.354885103,no,-,-,-,-,10.000000,0.100000,0.629985,2,1,1230,2370,8.750000,9.268200,20100,no
161,SELL,-0.115519,21:07:23.354885103,no,-,-,-,-,10.000000,0.100000,0.629985,2,1,1233,2367,8.750000,9.245700,20100,no
162,SELL,0.093255,21:07:23.354885103,no,-,-,-,-,10.000000,0.100000,0.629985,2,1,1237,2363,8.750000,9.215800,20100,no
163,SELL,0.092258,21:07:23.354885103,no,-,-,-,-,10.000000,0.100000,0.629985,2,1,1242,2358,8.750000,9.178700,20100,no
164,SELL,0.150641,21:07:23.354885103,no,-,-,-,-,10.000000,0.100000,0.629985,2,1,1247,2353,8.750000,9.141900,20100,no
165,SELL,0.119945,21:07:23.354885103,no,-,-,-,-,10.000000,0.100000,0.629985,2,1,1251,2349,8.750000,9.112700,20100,no
166,SELL,0.091183,21:07:23.354885103,no,-,-,-,-,10.000000,0.100000,0.629985,2,1,1254,2346,8.750000,9.090900,20100,no
167,SELL,0.072115,21:07:23.354885103,no,-,-,-,-,10.000000,0.100000,0.629985,2,1,1259,2341,8.750000,9.054800,20100,no
168,SELL,0.245625,21:07:23.354885103,no,-,-,-,-,10.000000,0.100000,0.629985,2,1,1263,2337,8.750000,9.026100,20100,no
169,SELL,0.185755,21:07:23.354885103,no,-,-,-,-,10.000000,0.100000,0.629985,2,1,1268,2332,8.750000,8.990500,20100,no
170,SELL,0.302864,21:07:23.354885103,no,-,-,-,-,10.000000,0.100000,0.629985,2,1,1271,2329,8.750000,8.969300,20100,no
171,SELL,0.279343,21:07:23.354885103,no,-,-,-,-,10.000000,0.100000,0.629985,2,1,1275,2325,8.750000,8.941100,20100,no
172,SELL,0.139395,21:07:23.354885103,no,-,-,-,-,10.000000,0.100000,0.629985,2,1,1278,2322,8.750000,8.920100,20100,no
173,SELL,-0.127482,21:07:23.354885103,no,-,-,-,-,10.000000,0.100000,0.629985,2,1,1282,2318,8.750000,8.892300,20100,no
174,SELL,-0.054789,21:07:23.354885103,no,-,-,-,-,10.000000,0.100000,0.629985,2,1,1287,2313,8.750000,8.857800,20100,no
175,SELL,-0.213812,21:07:23.354885103,no,-,-,-,-,10.000000,0.100000,0.629985,2,1,1291,2309,8.750000,8.830300,20100,no
176,SELL,-0.163136,21:07:23.354885103,no,-,-,-,-,10.000000,0.100000,0.629985,2,1,1296,2304,8.750000,8.796200,20100,no
177,SELL,-0.160438,21:07:23.354885103,no,-,-,-,-,10.000000,0.100000,0.629985,2,1,1299,2301,8.750000,8.775900,20100,no
178,SELL,-0.074688,21:07:23.354885103,no,-,-,-,-,9.090909,0.110000,0.629985,2,1,1304,2296,8.750000,8.742300,20100,no
179,SELL,-0.220699,21:07:23.354885103,no,-,-,-,-,8.264463,0.121000,0.629985,2,1,1308,2292,8.750000,8.715500,20100,no
180,SELL,-0.174051,21:07:23.354885103,no,-,-,-,-,7.513148,0.133100,0.629985,2,1,1315,2285,8.750000,8.669200,20100,no
181,SELL,-0.465355,21:07:23.354885103,no,-,-,-,-,6.830135,0.146410,0.629985,2,1,1320,2280,8.750000,8.636300,20100,no
182,SELL,-0.311893,21:07:23.354885103,no,-,-,-,-,6.209213,0.161051,0.629985,2,1,1325,2275,8.750000,8.603700,20100,no
183,SELL,-0.241320,21:07:23.354885103,no,-,-,-,-,5.644739,0.177156,0.629985,2,1,1334,2266,8.750000,8.545700,20100,no
184,SELL,-0.218628,21:07:23.354885103,no,-,-,-,-,5.131581,0.194872,0.629985,2,1,1338,2262,8.750000,8.520100,20100,no
185,SELL,-0.108527,21:07:23.354885103,no,-,-,-,-,4.665074,0.214359,0.629985,2,1,1347,2253,8.750000,8.463200,20100,no
186,SELL,0.054238,21:07:23.354885103,no,-,-,-,-,4.240976,0.235795,0.629985,2,1,1351,2249,8.750000,8.438100,20100,no
187,SELL,0.200779,21:07:23.354885103,no,-,-,-,-,3.855433,0.259374,0.629985,2,1,1357,2243,8.750000,8.400800,20100,no
188,SELL,0.313577,21:07:23.354885103,no,-,-,-,-,3.504939,0.285312,0.629985,2,1,1361,2239,8.750000,8.376100,20100,no
189,SELL,0.251717,21:07:23.354885103,no,-,-,-,-,3.186308,0.313843,0.629985,2,1,1365,2235,8.750000,8.351600,20100,no
190,SELL,-0.162852,21:07:23.354885103,no,-,-,-,-,2.896644,0.345227,0.629985,2,1,1369,2231,8.750000,8.327200,20100,no
191,SELL,-0.170953,21:07:23.354885103,no,-,-,-,-,2.633313,0.379750,0.629985,2,1,1374,2226,8.750000,8.296900,20100,no
192,SELL,-0.021889,21:07:23.354885103,no,-,-,-,-,2.393920,0.417725,0.629985,2,1,1422,2178,8.750000,8.016800,20100,no
193,SELL,-0.458195,21:07:23.354885103,no,-,-,-,-,2.176291,0.459497,0.629985,2,1,1428,2172,8.750000,7.983100,20100,no
194,SELL,-0.558141,21:07:23.354885103,no,-,-,-,-,1.978447,0.505447,0.629985,2,1,1431,2169,8.750000,7.966400,20100,no
195,SELL,-0.065086,21:07:23.354885103,no,-,-,-,-,1.798588,0.555992,0.629985,2,1,1494,2106,8.750000,7.630500,20100,no
196,SELL,-0.420020,21:07:23.354885103,no,-,-,-,-,1.635080,0.611591,0.629985,2,1,1554,2046,8.750000,7.335900,20100,no
197,SELL,-0.489796,21:07:23.354885103,no,-,-,-,-,1.486436,0.672750,0.629985,2,1,1559,2041,8.750000,7.312300,20100,no
198,SELL,-0.441399,21:07:23.354885103,no,-,-,-,-,1.351306,0.740025,0.629985,2,1,1562,2038,8.750000,7.298300,20100,no
199,SELL,-0.483708,21:07:23.354885103,no,-,-,-,-,1.228460,0.814027,0.629985,2,1,1565,2035,8.750000,7.284300,20100,no
200,SELL,-0.568761,21:07:23.354885103,no,-,-,-,-,1.116782,0.895430,0.629985,2,1,1567,2033,8.750000,7.275000,20100,no
201,SELL,-0.564172,21:07:23.354885103,no,-,-,-,-,1.015256,0.984973,0.629985,2,1,1576,2024,8.750000,7.233500,20100,no
202,SELL,-0.642689,21:07:23.354885103,yes,11.520000,bid1,100,00:00:00.000036782,0.922960,1.083471,0.629985,2,1,1579,2021,8.750000,7.219700,20100,no
203,SELL,-0.534118,21:07:23.354885103,yes,11.520000,bid1,100,00:00:00.000037345,0.839055,1.191818,0.629985,2,1,1583,2017,8.750000,7.201500,20100,no
204,SELL,-0.394236,21:07:23.354885103,no,-,-,-,-,0.762777,1.310999,0.629985,2,1,1587,2013,8.750000,7.183300,20100,no
205,SELL,-0.595996,21:07:23.354885103,yes,11.520000,bid1,100,00:00:00.000037235,0.693433,1.442099,0.629985,2,1,1592,2008,8.750000,7.160800,20100,no
206,SELL,-0.671860,21:07:23.354885103,yes,11.520000,bid1,100,00:00:00.000035841,0.630394,1.586309,0.629985,2,1,1620,1980,8.750000,7.037000,20100,no
207,SELL,-0.648704,21:07:23.354885103,yes,11.520000,bid1,100,00:00:00.000036101,0.573086,1.744940,0.629985,2,1,1626,1974,8.750000,7.011000,20100,no
208,SELL,-0.711674,21:07:23.354885103,yes,11.520000,bid1,100,00:00:00.000035741,0.520987,1.919434,0.629985,2,1,1635,1965,8.750000,6.972400,20100,no
209,SELL,-0.065579,21:07:23.354885103,no,-,-,-,-,0.473624,2.111378,0.629985,2,1,1648,1952,8.750000,6.917400,20100,no
210,SELL,-0.250559,21:07:23.354885103,no,-,-,-,-,0.430568,2.322515,0.629985,2,1,1655,1945,8.750000,6.888200,20100,no
211,SELL,-0.025319,21:07:23.354885103,no,-,-,-,-,0.391425,2.554767,0.629985,2,1,1657,1943,8.750000,6.879900,20100,no
212,SELL,1.475271,21:07:23.354885103,yes,11.570000,ask1,20100,00:00:00.000023413,0.355841,2.810244,0.629985,2,1,4926,-1326,8.750000,2.314200,20100,yes
213,SELL,3.513651,21:07:23.354885103,yes,11.559900,ask1,20100,00:00:00.000025468,0.323492,3.091268,0.629985,2,1,4930,-1330,8.750000,2.312300,20100,yes
214,SELL,1.565167,21:07:23.354885103,yes,11.570000,ask1,20100,00:00:00.000024766,0.294083,3.400395,0.629985,2,1,4934,-1334,8.750000,2.310400,20100,yes
215,SELL,2.160145,21:07:23.354885103,yes,11.580000,ask1,20100,00:00:00.000029601,0.267349,3.740434,0.629985,2,1,4937,-1337,8.750000,2.309000,20100,yes
216,SELL,1.432186,21:07:23.354885103,yes,11.580000,ask1,20100,00:00:00.000024518,0.243044,4.114478,0.629985,2,1,4942,-1342,8.750000,2.306700,20100,yes
217,SELL,0.848731,21:07:23.354885103,yes,11.580000,ask1,20100,00:00:00.000023783,0.220949,4.525926,0.629985,2,1,4946,-1346,8.750000,2.304800,20100,yes
218,SELL,0.954078,21:07:23.354885103,yes,11.580000,ask1,20100,00:00:00.000025030,0.200863,4.978518,0.629985,2,1,4948,-1348,8.750000,2.303900,20100,yes
219,SELL,0.512243,21:07:23.354885103,yes,11.580000,ask1,20100,00:00:00.000024437,0.182603,5.476370,0.629985,2,1,4953,-1353,8.750000,2.301600,20100,yes
220,SELL,0.227843,21:07:23.354885103,yes,11.580000,ask1,20100,00:00:00.000025308,0.166002,6.024007,0.629985,2,1,4957,-1357,8.750000,2.299700,20100,yes
221,SELL,2.311622,21:07:23.354885103,yes,11.580000,ask1,20100,00:00:00.000025458,0.150911,6.626408,0.629985,2,1,4960,-1360,8.750000,2.298300,20100,yes
222,SELL,0.291847,21:07:23.354885103,yes,11.580000,ask1,20100,00:00:00.000025055,0.137192,7.289048,0.629985,2,1,4964,-1364,8.750000,2.296500,20100,yes
223,SELL,0.107764,21:07:23.354885103,yes,11.580000,ask1,20100,00:00:00.000048567,0.124720,8.017953,0.629985,2,1,4967,-1367,8.750000,2.295100,20100,yes
224,SELL,-0.134741,21:07:23.354885103,yes,11.570000,bid1,20100,00:00:00.000024967,0.113382,8.819749,0.629985,2,1,4971,-1371,8.750000,2.293300,20100,yes
225,SELL,0.464291,21:07:23.354885103,yes,11.570000,ask1,20100,00:00:00.000026533,0.103074,9.701723,0.629985,2,1,4976,-1376,8.750000,2.290900,20100,yes
226,SELL,0.916474,21:07:23.354885103,yes,11.570000,ask1,20100,00:00:00.000024966,0.100000,10.000000,0.629985,2,1,4980,-1380,8.750000,2.289100,20100,yes
227,SELL,0.369618,21:07:23.354885103,yes,11.580000,ask1,20100,00:00:00.000024674,0.100000,10.000000,0.629985,2,1,4984,-1384,8.750000,2.287300,20100,yes
228,SELL,0.226206,21:07:23.354885103,yes,11.590000,ask1,20100,00:00:00.000025393,0.100000,10.000000,0.629985,2,1,4990,-1390,8.750000,2.284500,20100,yes
229,SELL,2.747441,21:07:23.354885103,yes,11.590000,ask1,20100,00:00:00.000024702,0.100000,10.000000,0.629985,2,1,4993,-1393,8.750000,2.283100,20100,yes
230,SELL,1.195578,21:07:23.354885103,yes,11.590000,ask1,20100,00:00:00.000025957,0.100000,10.000000,0.629985,2,1,4998,-1398,8.750000,2.280900,20100,yes
231,SELL,1.243782,21:07:23.354885103,yes,11.590000,ask1,20100,00:00:00.000025934,0.100000,10.000000,0.629985,2,1,5003,-1403,8.750000,2.278600,20100,yes
232,SELL,1.638548,21:07:23.354885103,yes,11.570000,ask1,20100,00:00:00.000025150,0.100000,10.000000,0.629985,2,1,5035,-1435,8.750000,2.264100,20100,yes
233,SELL,4.357525,21:07:23.354885103,yes,11.580000,ask1,20100,00:00:00.000025456,0.100000,10.000000,0.629985,2,1,5041,-1441,8.750000,2.261400,20100,yes
234,SELL,1.135452,21:07:23.354885103,yes,11.570000,ask1,20100,00:00:00.000045567,0.100000,10.000000,0.629985,2,1,5045,-1445,8.750000,2.259600,20100,yes
235,SELL,1.409017,21:07:23.354885103,yes,11.570000,ask1,20100,00:00:00.000024937,0.100000,10.000000,0.629985,2,1,5049,-1449,8.750000,2.257800,20100,yes
