轮数,方向,预测值,算法开始时间,是否下单,下单价格,档位,下单量,下单耗时(从预测到下单),r1,r2,std,freq,qty_scalar,经过时间,剩余时间,目标速度,实际速度,剩余量,是否为最后一轮
1,BUY,0.038205,21:07:23.353334388,no,-,-,-,-,0.909091,1.100000,0.681692,2,1,332,3268,20.000000,0.000000,72000,no
2,BUY,0.142868,21:07:23.353334388,no,-,-,-,-,0.826446,1.210000,0.681692,2,1,335,3265,20.000000,0.000000,72000,no
3,BUY,0.248901,21:07:23.353334388,no,-,-,-,-,0.751315,1.331000,0.681692,2,1,339,3261,20.000000,0.000000,72000,no
4,BUY,0.326524,21:07:23.353334388,no,-,-,-,-,0.683013,1.464100,0.681692,2,1,343,3257,20.000000,0.000000,72000,no
5,BUY,0.679612,21:07:23.353334388,yes,21.000000,ask1,100,00:00:00.000059504,0.620921,1.610510,0.681692,2,1,347,3253,20.000000,0.288100,71900,no
6,BUY,0.576840,21:07:23.353334388,yes,21.000000,ask1,100,00:00:00.000035217,0.564474,1.771561,0.681692,2,1,351,3249,20.000000,0.569800,71800,no
7,BUY,0.849253,21:07:23.353334388,yes,21.000000,ask1,100,00:00:00.000037193,0.513158,1.948717,0.681692,2,1,355,3245,20.000000,0.845000,71700,no
8,BUY,1.370818,21:07:23.353334388,yes,21.000000,ask1,200,00:00:00.000060015,0.466507,2.143589,0.681692,2,1,359,3241,20.000000,1.392700,71500,no
9,BUY,1.486996,21:07:23.353334388,yes,21.000000,ask1,200,00:00:00.000038543,0.424098,2.357948,0.681692,2,1,362,3238,20.000000,1.933700,71300,no
10,BUY,0.167136,21:07:23.353334388,no,-,-,-,-,0.385543,2.593742,0.681692,2,1,366,3234,20.000000,1.912500,71300,no
11,BUY,0.755454,21:07:23.353334388,yes,21.000000,ask1,200,00:00:00.000038380,0.350494,2.853117,0.681692,2,1,369,3231,20.000000,2.439000,71100,no
12,BUY,-0.029914,21:07:23.353334388,no,-,-,-,-,0.318631,3.138428,0.681692,2,1,373,3227,20.000000,2.412800,71100,no
13,BUY,0.473296,21:07:23.353334388,yes,21.000000,ask1,300,00:00:00.000035435,0.289664,3.452271,0.681692,2,1,376,3224,20.000000,3.191400,70800,no
14,BUY,0.198102,21:07:23.353334388,yes,21.000000,ask1,300,00:00:00.000036560,0.263331,3.797498,0.681692,2,1,381,3219,20.000000,3.937000,70500,no
15,BUY,0.118059,21:07:23.353334388,no,-,-,-,-,0.239392,4.177248,0.681692,2,1,383,3217,20.000000,3.916400,70500,no
16,BUY,0.295490,21:07:23.353334388,yes,21.000000,ask1,400,00:00:00.000035576,0.217629,4.594973,0.681692,2,1,387,3213,20.000000,4.909500,70100,no
17,BUY,0.165639,21:07:23.353334388,yes,21.000000,ask1,500,00:00:00.000038186,0.197845,5.054470,0.681692,2,1,392,3208,20.000000,6.122400,69600,no
18,BUY,0.388643,21:07:23.353334388,yes,21.000000,ask1,500,00:00:00.000035603,0.179859,5.559917,0.681692,2,1,396,3204,20.000000,6.060600,69600,no
19,BUY,0.079979,21:07:23.353334388,no,-,-,-,-,0.163508,6.115909,0.681692,2,1,398,3202,20.000000,7.286400,69100,no
20,BUY,0.120503,21:07:23.353334388,yes,21.000000,ask1,600,00:00:00.000036167,0.148644,6.727500,0.681692,2,1,402,3198,20.000000,8.706400,68500,no
21,BUY,0.457175,21:07:23.353334388,yes,21.000000,ask1,700,00:00:00.000036500,0.135131,7.400250,0.681692,2,1,406,3194,20.000000,10.344800,67800,no
22,BUY,0.628968,21:07:23.353334388,yes,21.000000,ask1,800,00:00:00.000035602,0.122846,8.140275,0.681692,2,1,409,3191,20.000000,12.224900,67000,no
23,BUY,0.294749,21:07:23.353334388,yes,21.000000,ask1,800,00:00:00.000036378,0.111678,8.954302,0.681692,2,1,412,3188,20.000000,14.077600,66200,no
24,BUY,-0.177171,21:07:23.353334388,no,-,-,-,-,0.101526,9.849733,0.681692,2,1,416,3184,20.000000,13.942300,66200,no
25,BUY,-0.670864,21:07:23.353334388,no,-,-,-,-,0.100000,10.000000,0.681692,2,1,422,3178,20.000000,13.744000,66200,no
26,BUY,-0.423888,21:07:23.353334388,no,-,-,-,-,0.100000,10.000000,0.681692,2,1,426,3174,20.000000,13.615000,66200,no
27,BUY,-0.608202,21:07:23.353334388,no,-,-,-,-,0.100000,10.000000,0.681692,2,1,431,3169,20.000000,13.457000,66200,no
28,BUY,-0.587777,21:07:23.353334388,no,-,-,-,-,0.100000,10.000000,0.681692,2,1,437,3163,20.000000,13.272300,66200,no
29,BUY,-0.403553,21:07:23.353334388,no,-,-,-,-,0.100000,10.000000,0.681692,2,1,441,3159,20.000000,13.151900,66200,no
30,BUY,-0.513336,21:07:23.353334388,no,-,-,-,-,0.100000,10.000000,0.681692,2,1,444,3156,20.000000,13.063000,66200,no
31,BUY,-0.444156,21:07:23.353334388,no,-,-,-,-,0.100000,10.000000,0.681692,2,1,447,3153,20.000000,12.975300,66200,no
32,BUY,-0.287977,21:07:23.353334388,no,-,-,-,-,0.100000,10.000000,0.681692,2,1,451,3149,20.000000,12.860300,66200,no
33,BUY,0.041077,21:07:23.353334388,no,-,-,-,-,0.100000,10.000000,0.681692,2,1,457,3143,20.000000,12.691400,66200,no
34,BUY,0.011458,21:07:23.353334388,no,-,-,-,-,0.100000,10.000000,0.681692,2,1,460,3140,20.000000,12.608600,66200,no
35,BUY,-0.147274,21:07:23.353334388,no,-,-,-,-,0.100000,10.000000,0.681692,2,1,464,3136,20.000000,12.500000,66200,no
36,BUY,-0.008718,21:07:23.353334388,no,-,-,-,-,0.100000,10.000000,0.681692,2,1,466,3134,20.000000,12.446300,66200,no
37,BUY,0.080513,21:07:23.353334388,yes,21.000000,ask1,1000,00:00:00.000039081,0.100000,10.000000,0.681692,2,1,470,3130,20.000000,14.468000,65200,no
38,BUY,0.508919,21:07:23.353334388,yes,21.000000,ask1,1000,00:00:00.000037808,0.100000,10.000000,0.681692,2,1,474,3126,20.000000,16.455600,64200,no
39,BUY,0.580499,21:07:23.353334388,yes,20.989900,ask1,1000,00:00:00.000061796,0.100000,10.000000,0.681692,2,1,479,3121,20.000000,18.371600,63200,no
40,BUY,0.494959,21:07:23.353334388,yes,20.989900,ask1,1000,00:00:00.000035553,0.100000,10.000000,0.681692,2,1,482,3118,20.000000,20.331900,62200,no
41,BUY,0.574099,21:07:23.353334388,yes,20.989900,ask1,1000,00:00:00.000035076,0.100000,10.000000,0.681692,2,1,487,3113,20.000000,22.176500,61200,no
42,BUY,0.187629,21:07:23.353334388,yes,21.000000,ask1,1000,00:00:00.000036608,0.100000,10.000000,0.681692,2,1,490,3110,20.000000,24.081600,60200,no
43,BUY,0.472699,21:07:23.353334388,yes,21.000000,ask1,1000,00:00:00.000044682,0.100000,10.000000,0.681692,2,1,495,3105,20.000000,25.858500,59200,no
44,BUY,0.912229,21:07:23.353334388,yes,21.000000,ask1,1000,00:00:00.000037314,0.100000,10.000000,0.681692,2,1,501,3099,20.000000,27.544900,58200,no
45,BUY,1.536418,21:07:23.353334388,yes,21.000000,ask1,1000,00:00:00.000035683,0.100000,10.000000,0.681692,2,1,504,3096,20.000000,29.365000,57200,no
46,BUY,1.554440,21:07:23.353334388,yes,21.000000,ask1,1000,00:00:00.000039494,0.100000,10.000000,0.681692,2,1,508,3092,20.000000,31.102300,56200,no
47,BUY,0.462596,21:07:23.353334388,yes,21.009900,ask1,1000,00:00:00.000035475,0.100000,10.000000,0.681692,2,1,513,3087,20.000000,32.748500,55200,no
48,BUY,0.085272,21:07:23.353334388,yes,21.029900,ask1,1000,00:00:00.000036555,0.100000,10.000000,0.681692,2,1,517,3083,20.000000,34.429400,54200,no
49,BUY,0.596082,21:07:23.353334388,yes,21.000000,ask1,1000,00:00:00.000040790,0.100000,10.000000,0.681692,2,1,522,3078,20.000000,36.015300,53200,no
50,BUY,0.739508,21:07:23.353334388,yes,21.000000,ask1,1000,00:00:00.000041042,0.100000,10.000000,0.681692,2,1,526,3074,20.000000,37.642500,52200,no
51,BUY,0.787463,21:07:23.353334388,yes,21.000000,ask1,1000,00:00:00.000036929,0.100000,10.000000,0.681692,2,1,529,3071,20.000000,37.429100,52200,no
52,BUY,0.856387,21:07:23.353334388,yes,21.000000,ask1,1000,00:00:00.000036888,0.100000,10.000000,0.681692,2,1,534,3066,20.000000,40.823900,50200,no
53,BUY,0.046619,21:07:23.353334388,no,-,-,-,-,0.110000,9.090909,0.681692,2,1,538,3062,20.000000,40.520400,50200,no
54,BUY,0.101897,21:07:23.353334388,yes,21.000000,ask1,800,00:00:00.000035515,0.121000,8.264463,0.681692,2,1,544,3056,20.000000,41.544100,49400,no
55,BUY,-0.355000,21:07:23.353334388,no,-,-,-,-,0.133100,7.513148,0.681692,2,1,552,3048,20.000000,40.942000,49400,no
56,BUY,-0.759663,21:07:23.353334388,no,-,-,-,-,0.146410,6.830135,0.681692,2,1,557,3043,20.000000,40.574500,49400,no
57,BUY,-0.270130,21:07:23.353334388,no,-,-,-,-,0.161051,6.209213,0.681692,2,1,562,3038,20.000000,40.213500,49400,no
58,BUY,0.045018,21:07:23.353334388,no,-,-,-,-,0.161051,6.209213,0.681692,2,1,567,3033,20.000000,39.858900,49400,no
59,BUY,0.146278,21:07:23.353334388,yes,21.000000,ask1,600,00:00:00.000044295,0.161051,6.209213,0.681692,2,1,570,3030,20.000000,40.701700,48800,no
60,BUY,0.031366,21:07:23.353334388,no,-,-,-,-,0.177156,5.644739,0.681692,2,1,575,3025,20.000000,40.347800,48800,no
61,BUY,0.649137,21:07:23.353334388,yes,21.000000,ask1,500,00:00:00.000037318,0.194872,5.131581,0.681692,2,1,578,3022,20.000000,41.003400,48300,no
62,BUY,0.747312,21:07:23.353334388,yes,21.000000,ask1,400,00:00:00.000036820,0.214359,4.665074,0.681692,2,1,583,3017,20.000000,41.337900,47900,no
63,BUY,1.260200,21:07:23.353334388,yes,21.000000,ask1,400,00:00:00.000036305,0.235795,4.240976,0.681692,2,1,586,3014,20.000000,41.808800,47500,no
64,BUY,0.817618,21:07:23.353334388,yes,21.000000,ask1,300,00:00:00.000038782,0.259374,3.855433,0.681692,2,1,591,3009,20.000000,41.962700,47200,no
65,BUY,1.231723,21:07:23.353334388,yes,21.000000,ask1,300,00:00:00.000053262,0.285312,3.504939,0.681692,2,1,595,3005,20.000000,42.184800,46900,no
66,BUY,0.437676,21:07:23.353334388,yes,21.009900,ask1,300,00:00:00.000036151,0.313843,3.186308,0.681692,2,1,599,3001,20.000000,42.404000,46600,no
67,BUY,0.316477,21:07:23.353334388,yes,21.009900,ask1,200,00:00:00.000035976,0.345227,2.896644,0.681692,2,1,604,2996,20.000000,42.384100,46400,no
68,BUY,0.182798,21:07:23.353334388,no,-,-,-,-,0.379750,2.633313,0.681692,2,1,607,2993,20.000000,42.174600,46400,no
69,BUY,0.265962,21:07:23.353334388,no,-,-,-,-,0.417725,2.393920,0.681692,2,1,610,2990,20.000000,41.967200,46400,no
70,BUY,0.055747,21:07:23.353334388,no,-,-,-,-,0.459497,2.176291,0.681692,2,1,614,2986,20.000000,41.693800,46400,no
71,BUY,0.183758,21:07:23.353334388,no,-,-,-,-,0.505447,1.978447,0.681692,2,1,618,2982,20.000000,41.423900,46400,no
72,BUY,0.199875,21:07:23.353334388,no,-,-,-,-,0.555992,1.798588,0.681692,2,1,621,2979,20.000000,41.223800,46400,no
73,BUY,0.667485,21:07:23.353334388,yes,21.009900,ask1,100,00:00:00.000037887,0.611591,1.635080,0.681692,2,1,625,2975,20.000000,41.120000,46300,no
74,BUY,0.176837,21:07:23.353334388,no,-,-,-,-,0.672750,1.486436,0.681692,2,1,629,2971,20.000000,40.858500,46300,no
75,BUY,-0.196593,21:07:23.353334388,no,-,-,-,-,0.740025,1.351306,0.681692,2,1,633,2967,20.000000,40.600300,46300,no
76,BUY,-0.417707,21:07:23.353334388,no,-,-,-,-,0.814027,1.228460,0.681692,2,1,637,2963,20.000000,40.345300,46300,no
77,BUY,-0.194011,21:07:23.353334388,no,-,-,-,-,0.895430,1.116782,0.681692,2,1,640,2960,20.000000,40.156200,46300,no
78,BUY,-0.057923,21:07:23.353334388,no,-,-,-,-,0.984973,1.015256,0.681692,2,1,642,2958,20.000000,40.031100,46300,no
79,BUY,0.376043,21:07:23.353334388,no,-,-,-,-,0.984973,1.015256,0.681692,2,1,644,2956,20.000000,39.906800,46300,no
80,BUY,0.134436,21:07:23.353334388,no,-,-,-,-,0.984973,1.015256,0.681692,2,1,648,2952,20.000000,39.660400,46300,no
81,BUY,0.489661,21:07:23.353334388,no,-,-,-,-,0.984973,1.015256,0.681692,2,1,651,2949,20.000000,39.477700,46300,no
82,BUY,0.592705,21:07:23.353334388,no,-,-,-,-,0.984973,1.015256,0.681692,2,1,655,2945,20.000000,39.236600,46300,no
83,BUY,0.530066,21:07:23.353334388,no,-,-,-,-,0.984973,1.015256,0.681692,2,1,658,2942,20.000000,39.057700,46300,no
84,BUY,0.740725,21:07:23.353334388,yes,21.029900,ask1,100,00:00:00.000037116,0.984973,1.015256,0.681692,2,1,662,2938,20.000000,38.972800,46200,no
85,BUY,0.208664,21:07:23.353334388,no,-,-,-,-,0.984973,1.015256,0.681692,2,1,667,2933,20.000000,38.680600,46200,no
86,BUY,0.268178,21:07:23.353334388,no,-,-,-,-,0.984973,1.015256,0.681692,2,1,669,2931,20.000000,38.565000,46200,no
87,BUY,0.164238,21:07:23.353334388,no,-,-,-,-,0.984973,1.015256,0.681692,2,1,673,2927,20.000000,38.335800,46200,no
88,BUY,0.505783,21:07:23.353334388,no,-,-,-,-,0.984973,1.015256,0.681692,2,1,676,2924,20.000000,38.165600,46200,no
89,BUY,-0.031579,21:07:23.353334388,no,-,-,-,-,0.984973,1.015256,0.681692,2,1,680,2920,20.000000,37.941100,46200,no
90,BUY,0.525954,21:07:23.353334388,no,-,-,-,-,0.984973,1.015256,0.681692,2,1,683,2917,20.000000,37.774500,46200,no
91,BUY,0.478251,21:07:23.353334388,no,-,-,-,-,0.984973,1.015256,0.681692,2,1,687,2913,20.000000,37.554500,46200,no
92,BUY,0.543588,21:07:23.353334388,no,-,-,-,-,0.984973,1.015256,0.681692,2,1,690,2910,20.000000,37.391300,46200,no
93,BUY,0.435365,21:07:23.353334388,no,-,-,-,-,0.984973,1.015256,0.681692,2,1,694,2906,20.000000,37.175700,46200,no
94,BUY,0.428949,21:07:23.353334388,no,-,-,-,-,0.984973,1.015256,0.681692,2,1,697,2903,20.000000,37.015700,46200,no
95,BUY,0.569146,21:07:23.353334388,no,-,-,-,-,0.984973,1.015256,0.681692,2,1,701,2899,20.000000,36.804500,46200,no
96,BUY,0.795396,21:07:23.353334388,yes,21.029900,ask1,100,00:00:00.000066203,0.984973,1.015256,0.681692,2,1,705,2895,20.000000,36.737500,46100,no
97,BUY,1.171014,21:07:23.353334388,yes,21.029900,ask1,100,00:00:00.000037275,0.984973,1.015256,0.681692,2,1,707,2893,20.000000,36.775100,46000,no
98,BUY,0.775224,21:07:23.353334388,yes,21.029900,ask1,100,00:00:00.000037077,0.984973,1.015256,0.681692,2,1,711,2889,20.000000,36.708800,45900,no
99,BUY,0.397538,21:07:23.353334388,no,-,-,-,-,0.984973,1.015256,0.681692,2,1,714,2886,20.000000,36.554600,45900,no
100,BUY,-0.569983,21:07:23.353334388,no,-,-,-,-,0.984973,1.015256,0.681692,2,1,716,2884,20.000000,36.452500,45900,no
101,BUY,-0.504783,21:07:23.353334388,no,-,-,-,-,0.984973,1.015256,0.681692,2,1,719,2881,20.000000,36.300400,45900,no
102,BUY,0.233499,21:07:23.353334388,no,-,-,-,-,0.984973,1.015256,0.681692,2,1,722,2878,20.000000,36.149500,45900,no
103,BUY,-0.050519,21:07:23.353334388,no,-,-,-,-,0.984973,1.015256,0.681692,2,1,725,2875,20.000000,36.000000,45900,no
104,BUY,-0.064182,21:07:23.353334388,no,-,-,-,-,0.984973,1.015256,0.681692,2,1,729,2871,20.000000,35.802400,45900,no
105,BUY,0.020479,21:07:23.353334388,no,-,-,-,-,0.984973,1.015256,0.681692,2,1,733,2867,20.000000,35.607000,45900,no
106,BUY,-0.730144,21:07:23.353334388,no,-,-,-,-,0.984973,1.015256,0.681692,2,1,738,2862,20.000000,35.365800,45900,no
107,BUY,-0.878977,21:07:23.353334388,no,-,-,-,-,0.984973,1.015256,0.681692,2,1,743,2857,20.000000,35.127800,45900,no
108,BUY,-0.889400,21:07:23.353334388,no,-,-,-,-,0.984973,1.015256,0.681692,2,1,750,2850,20.000000,34.800000,45900,no
109,BUY,-0.593404,21:07:23.353334388,no,-,-,-,-,0.984973,1.015256,0.681692,2,1,755,2845,20.000000,34.569500,45900,no
110,BUY,-0.658541,21:07:23.353334388,no,-,-,-,-,0.984973,1.015256,0.681692,2,1,759,2841,20.000000,34.387300,45900,no
111,BUY,-0.858212,21:07:23.353334388,no,-,-,-,-,0.984973,1.015256,0.681692,2,1,764,2836,20.000000,34.162300,45900,no
112,BUY,-0.335883,21:07:23.353334388,no,-,-,-,-,0.984973,1.015256,0.681692,2,1,766,2834,20.000000,34.073100,45900,no
113,BUY,-0.274624,21:07:23.353334388,no,-,-,-,-,0.984973,1.015256,0.681692,2,1,770,2830,20.000000,33.896100,45900,no
114,BUY,-0.177990,21:07:23.353334388,no,-,-,-,-,0.984973,1.015256,0.681692,2,1,773,2827,20.000000,33.764500,45900,no
115,BUY,0.132595,21:07:23.353334388,no,-,-,-,-,0.984973,1.015256,0.681692,2,1,777,2823,20.000000,33.590700,45900,no
116,BUY,-0.072080,21:07:23.353334388,no,-,-,-,-,0.984973,1.015256,0.681692,2,1,781,2819,20.000000,33.418600,45900,no
117,BUY,0.009595,21:07:23.353334388,no,-,-,-,-,0.984973,1.015256,0.681692,2,1,784,2816,20.000000,33.290800,45900,no
118,BUY,-0.109981,21:07:23.353334388,no,-,-,-,-,0.984973,1.015256,0.681692,2,1,787,2813,20.000000,33.163900,45900,no
119,BUY,-0.030368,21:07:23.353334388,no,-,-,-,-,0.984973,1.015256,0.681692,2,1,789,2811,20.000000,33.079800,45900,no
120,BUY,-0.127973,21:07:23.353334388,no,-,-,-,-,0.984973,1.015256,0.681692,2,1,792,2808,20.000000,32.954500,45900,no
121,BUY,-0.357456,21:07:23.353334388,no,-,-,-,-,0.984973,1.015256,0.681692,2,1,795,2805,20.000000,32.830100,45900,no
122,BUY,-0.263007,21:07:23.353334388,no,-,-,-,-,0.984973,1.015256,0.681692,2,1,799,2801,20.000000,32.665800,45900,no
123,BUY,-0.220799,21:07:23.353334388,no,-,-,-,-,0.984973,1.015256,0.681692,2,1,802,2798,20.000000,32.543600,45900,no
124,BUY,-0.019443,21:07:23.353334388,no,-,-,-,-,0.984973,1.015256,0.681692,2,1,807,2793,20.000000,32.342000,45900,no
125,BUY,0.306994,21:07:23.353334388,no,-,-,-,-,0.984973,1.015256,0.681692,2,1,810,2790,20.000000,32.222200,45900,no
126,BUY,-0.016128,21:07:23.353334388,no,-,-,-,-,0.984973,1.015256,0.681692,2,1,814,2786,20.000000,32.063800,45900,no
127,BUY,0.005635,21:07:23.353334388,no,-,-,-,-,0.984973,1.015256,0.681692,2,1,818,2782,20.000000,31.907000,45900,no
128,BUY,-0.166279,21:07:23.353334388,no,-,-,-,-,0.984973,1.015256,0.681692,2,1,821,2779,20.000000,31.790400,45900,no
129,BUY,-0.040940,21:07:23.353334388,no,-,-,-,-,0.984973,1.015256,0.681692,2,1,825,2775,20.000000,31.636300,45900,no
130,BUY,0.349433,21:07:23.353334388,no,-,-,-,-,0.984973,1.015256,0.681692,2,1,828,2772,20.000000,31.521700,45900,no
131,BUY,0.048139,21:07:23.353334388,no,-,-,-,-,0.984973,1.015256,0.681692,2,1,832,2768,20.000000,31.370100,45900,no
132,BUY,-0.215257,21:07:23.353334388,no,-,-,-,-,0.984973,1.015256,0.681692,2,1,835,2765,20.000000,31.257400,45900,no
133,BUY,0.045982,21:07:23.353334388,no,-,-,-,-,0.984973,1.015256,0.681692,2,1,838,2762,20.000000,31.145500,45900,no
134,BUY,0.245878,21:07:23.353334388,no,-,-,-,-,0.984973,1.015256,0.681692,2,1,841,2759,20.000000,31.034400,45900,no
135,BUY,0.657593,21:07:23.353334388,no,-,-,-,-,0.984973,1.015256,0.681692,2,1,844,2756,20.000000,30.924100,45900,no
136,BUY,-0.036244,21:07:23.353334388,no,-,-,-,-,0.984973,1.015256,0.681692,2,1,848,2752,20.000000,30.778300,45900,no
137,BUY,0.122355,21:07:23.353334388,no,-,-,-,-,0.984973,1.015256,0.681692,2,1,850,2750,20.000000,30.705800,45900,no
138,BUY,0.191333,21:07:23.353334388,no,-,-,-,-,0.984973,1.015256,0.681692,2,1,854,2746,20.000000,30.562000,45900,no
139,BUY,0.148703,21:07:23.353334388,no,-,-,-,-,0.984973,1.015256,0.681692,2,1,858,2742,20.000000,30.419500,45900,no
140,BUY,0.608721,21:07:23.353334388,no,-,-,-,-,0.984973,1.015256,0.681692,2,1,860,2740,20.000000,30.348800,45900,no
141,BUY,0.433133,21:07:23.353334388,no,-,-,-,-,0.984973,1.015256,0.681692,2,1,863,2737,20.000000,30.243300,45900,no
142,BUY,0.473761,21:07:23.353334388,no,-,-,-,-,0.984973,1.015256,0.681692,2,1,867,2733,20.000000,30.103800,45900,no
143,BUY,0.506369,21:07:23.353334388,no,-,-,-,-,0.984973,1.015256,0.681692,2,1,870,2730,20.000000,30.000000,45900,no
144,BUY,1.150008,21:07:23.353334388,yes,21.020000,ask1,100,00:00:00.000036346,0.984973,1.015256,0.681692,2,1,875,2725,20.000000,29.942800,45800,no
145,BUY,0.211663,21:07:23.353334388,no,-,-,-,-,0.984973,1.015256,0.681692,2,1,878,2722,20.000000,29.840500,45800,no
146,BUY,0.500121,21:07:23.353334388,no,-,-,-,-,0.984973,1.015256,0.681692,2,1,881,2719,20.000000,29.738900,45800,no
147,BUY,0.194737,21:07:23.353334388,no,-,-,-,-,0.984973,1.015256,0.681692,2,1,884,2716,20.000000,29.638000,45800,no
148,BUY,1.209725,21:07:23.353334388,yes,21.020000,ask1,100,00:00:00.000036457,0.984973,1.015256,0.681692,2,1,888,2712,20.000000,29.617100,45700,no
149,BUY,0.872342,21:07:23.353334388,yes,21.029900,ask1,100,00:00:00.000036922,0.984973,1.015256,0.681692,2,1,892,2708,20.000000,29.596400,45600,no
150,BUY,0.769092,21:07:23.353334388,yes,21.029900,ask1,100,00:00:00.000038519,0.984973,1.015256,0.681692,2,1,895,2705,20.000000,29.608900,45500,no
151,BUY,0.455743,21:07:23.353334388,no,-,-,-,-,0.984973,1.015256,0.681692,2,1,898,2702,20.000000,29.510000,45500,no
152,BUY,-0.095852,21:07:23.353334388,no,-,-,-,-,0.984973,1.015256,0.681692,2,1,902,2698,20.000000,29.379100,45500,no
153,BUY,0.520709,21:07:23.353334388,no,-,-,-,-,0.984973,1.015256,0.681692,2,1,904,2696,20.000000,29.314100,45500,no
154,BUY,1.945614,21:07:23.353334388,yes,21.040000,ask1,100,00:00:00.000037332,0.984973,1.015256,0.681692,2,1,907,2693,20.000000,29.327400,45400,no
155,BUY,0.533278,21:07:23.353334388,no,-,-,-,-,0.984973,1.015256,0.681692,2,1,909,2691,20.000000,29.262900,45400,no
156,BUY,0.903836,21:07:23.353334388,yes,21.050000,ask1,100,00:00:00.000037772,0.984973,1.015256,0.681692,2,1,1190,2410,20.000000,22.352900,45400,no
157,BUY,0.488069,21:07:23.353334388,no,-,-,-,-,0.984973,1.015256,0.681692,2,1,1193,2407,20.000000,22.296700,45400,no
158,BUY,0.402139,21:07:23.353334388,no,-,-,-,-,0.984973,1.015256,0.681692,2,1,1197,2403,20.000000,22.222200,45400,no
159,BUY,0.159525,21:07:23.353334388,no,-,-,-,-,0.984973,1.015256,0.681692,2,1,1201,2399,20.000000,22.148200,45400,no
160,BUY,-0.048137,21:07:23.353334388,no,-,-,-,-,0.984973,1.015256,0.681692,2,1,1206,2394,20.000000,22.056300,45400,no
161,BUY,-0.293637,21:07:23.353334388,no,-,-,-,-,0.984973,1.015256,0.681692,2,1,1212,2388,20.000000,21.947100,45400,no
162,BUY,0.509730,21:07:23.353334388,no,-,-,-,-,0.984973,1.015256,0.681692,2,1,1219,2381,20.000000,21.821100,45400,no
163,BUY,0.174235,21:07:23.353334388,no,-,-,-,-,0.984973,1.015256,0.681692,2,1,1225,2375,20.000000,21.714200,45400,no
164,BUY,0.696217,21:07:23.353334388,yes,21.050000,ask1,100,00:00:00.000036588,0.984973,1.015256,0.681692,2,1,1230,2370,20.000000,21.626000,45400,no
165,BUY,0.460047,21:07:23.353334388,no,-,-,-,-,0.984973,1.015256,0.681692,2,1,1233,2367,20.000000,21.573300,45400,no
166,BUY,0.736719,21:07:23.353334388,yes,21.050000,ask1,100,00:00:00.000041039,0.984973,1.015256,0.681692,2,1,1237,2363,20.000000,21.503600,45400,no
167,BUY,0.161570,21:07:23.353334388,no,-,-,-,-,0.984973,1.015256,0.681692,2,1,1242,2358,20.000000,21.417000,45400,no
168,BUY,0.561870,21:07:23.353334388,no,-,-,-,-,0.984973,1.015256,0.681692,2,1,1247,2353,20.000000,21.331100,45400,no
169,BUY,0.290826,21:07:23.353334388,no,-,-,-,-,0.984973,1.015256,0.681692,2,1,1251,2349,20.000000,21.262900,45400,no
170,BUY,0.112275,21:07:23.353334388,no,-,-,-,-,0.984973,1.015256,0.681692,2,1,1254,2346,20.000000,21.212100,45400,no
171,BUY,0.188800,21:07:23.353334388,no,-,-,-,-,0.984973,1.015256,0.681692,2,1,1259,2341,20.000000,21.127800,45400,no
172,BUY,-0.271021,21:07:23.353334388,no,-,-,-,-,0.984973,1.015256,0.681692,2,1,1263,2337,20.000000,21.060900,45400,no
173,BUY,0.431040,21:07:23.353334388,no,-,-,-,-,0.984973,1.015256,0.681692,2,1,1268,2332,20.000000,20.977900,45400,no
174,BUY,-0.070781,21:07:23.353334388,no,-,-,-,-,0.984973,1.015256,0.681692,2,1,1271,2329,20.000000,20.928400,45400,no
175,BUY,0.423786,21:07:23.353334388,no,-,-,-,-,0.984973,1.015256,0.681692,2,1,1275,2325,20.000000,20.862700,45400,no
176,BUY,-0.021152,21:07:23.353334388,no,-,-,-,-,0.984973,1.015256,0.681692,2,1,1278,2322,20.000000,20.813700,45400,no
177,BUY,0.558514,21:07:23.353334388,no,-,-,-,-,0.984973,1.015256,0.681692,2,1,1282,2318,20.000000,20.748800,45400,no
178,BUY,0.731958,21:07:23.353334388,yes,21.040000,ask1,100,00:00:00.000037760,0.984973,1.015256,0.681692,2,1,1287,2313,20.000000,20.668200,45400,no
179,BUY,0.276647,21:07:23.353334388,no,-,-,-,-,0.984973,1.015256,0.681692,2,1,1291,2309,20.000000,20.604100,45400,no
180,BUY,0.220826,21:07:23.353334388,no,-,-,-,-,0.984973,1.015256,0.681692,2,1,1296,2304,20.000000,20.524600,45400,no
181,BUY,0.335456,21:07:23.353334388,no,-,-,-,-,0.984973,1.015256,0.681692,2,1,1299,2301,20.000000,20.477200,45400,no
182,BUY,0.184811,21:07:23.353334388,no,-,-,-,-,0.984973,1.015256,0.681692,2,1,1304,2296,20.000000,20.398700,45400,no
183,BUY,0.305466,21:07:23.353334388,no,-,-,-,-,0.984973,1.015256,0.681692,2,1,1308,2292,20.000000,20.336300,45400,no
184,BUY,-0.390062,21:07:23.353334388,no,-,-,-,-,0.984973,1.015256,0.681692,2,1,1312,2288,20.000000,20.274300,45400,no
185,BUY,1.061012,21:07:23.353334388,yes,21.000000,ask1,100,00:00:00.000035521,0.984973,1.015256,0.681692,2,1,1315,2285,20.000000,20.228100,45400,no
186,BUY,0.758922,21:07:23.353334388,yes,21.000000,ask1,100,00:00:00.000036056,0.984973,1.015256,0.681692,2,1,1320,2280,20.000000,20.151500,45400,no
187,BUY,1.577079,21:07:23.353334388,yes,21.000000,ask1,100,00:00:00.000036922,0.984973,1.015256,0.681692,2,1,1325,2275,20.000000,20.075400,45400,no
188,BUY,-0.069233,21:07:23.353334388,no,-,-,-,-,0.984973,1.015256,0.681692,2,1,1330,2270,20.000000,20.000000,45400,no
189,BUY,0.699613,21:07:23.353334388,yes,21.040000,ask1,100,00:00:00.000037242,0.895430,1.116782,0.681692,2,1,1334,2266,20.000000,19.940000,45400,no
190,BUY,0.540386,21:07:23.353334388,no,-,-,-,-,0.814027,1.228460,0.681692,2,1,1338,2262,20.000000,19.880400,45400,no
191,BUY,0.488265,21:07:23.353334388,no,-,-,-,-,0.740025,1.351306,0.681692,2,1,1344,2256,20.000000,19.791600,45400,no
192,BUY,0.857608,21:07:23.353334388,yes,21.040000,ask1,100,00:00:00.000036129,0.672750,1.486436,0.681692,2,1,1347,2253,20.000000,19.747500,45400,no
193,BUY,0.809926,21:07:23.353334388,yes,21.040000,ask1,100,00:00:00.000034089,0.611591,1.635080,0.681692,2,1,1351,2249,20.000000,19.689100,45400,no
194,BUY,0.513328,21:07:23.353334388,yes,21.040000,ask1,100,00:00:00.000036751,0.555992,1.798588,0.681692,2,1,1354,2246,20.000000,19.645400,45400,no
195,BUY,0.992205,21:07:23.353334388,yes,21.040000,ask1,100,00:00:00.000036621,0.505447,1.978447,0.681692,2,1,1357,2243,20.000000,19.602000,45400,no
196,BUY,0.870647,21:07:23.353334388,yes,21.040000,ask1,200,00:00:00.000037050,0.459497,2.176291,0.681692,2,1,1365,2235,20.000000,19.487100,45400,no
197,BUY,0.796323,21:07:23.353334388,yes,21.050000,ask1,200,00:00:00.000037490,0.417725,2.393920,0.681692,2,1,1369,2231,20.000000,19.430200,45400,no
198,BUY,0.867470,21:07:23.353334388,yes,21.050000,ask1,200,00:00:00.000035561,0.379750,2.633313,0.681692,2,1,1374,2226,20.000000,19.359500,45400,no
199,BUY,0.859981,21:07:23.353334388,yes,21.040000,ask1,200,00:00:00.000036006,0.345227,2.896644,0.681692,2,1,1422,2178,20.000000,18.706000,45400,no
200,BUY,1.117405,21:07:23.353334388,yes,21.040000,ask1,300,00:00:00.000035480,0.313843,3.186308,0.681692,2,1,1428,2172,20.000000,18.627400,45400,no
201,BUY,0.929304,21:07:23.353334388,yes,21.050000,ask1,300,00:00:00.000035450,0.285312,3.504939,0.681692,2,1,1431,2169,20.000000,18.588300,45400,no
202,BUY,1.048168,21:07:23.353334388,yes,21.050000,ask1,300,00:00:00.000035846,0.259374,3.855433,0.681692,2,1,1490,2110,20.000000,17.852300,45400,no
203,BUY,0.961144,21:07:23.353334388,yes,21.050000,ask1,400,00:00:00.000035356,0.235795,4.240976,0.681692,2,1,1494,2106,20.000000,17.804500,45400,no
204,BUY,1.961665,21:07:23.353334388,yes,21.000000,ask1,400,00:00:00.000049282,0.214359,4.665074,0.681692,2,1,1554,2046,20.000000,17.117100,45400,no
205,BUY,1.186711,21:07:23.353334388,yes,21.029900,ask1,500,00:00:00.000036926,0.194872,5.131581,0.681692,2,1,1559,2041,20.000000,17.062200,45400,no
206,BUY,0.755892,21:07:23.353334388,yes,21.040000,ask1,500,00:00:00.000039994,0.177156,5.644739,0.681692,2,1,1562,2038,20.000000,17.029400,45400,no
207,BUY,0.785509,21:07:23.353334388,yes,21.040000,ask1,600,00:00:00.000037561,0.161051,6.209213,0.681692,2,1,1565,2035,20.000000,16.996800,45400,no
208,BUY,0.527008,21:07:23.353334388,yes,21.040000,ask1,600,00:00:00.000066868,0.146410,6.830135,0.681692,2,1,1567,2033,20.000000,16.975100,45400,no
209,BUY,0.681983,21:07:23.353334388,yes,21.029900,ask1,700,00:00:00.000037247,0.133100,7.513148,0.681692,2,1,1572,2028,20.000000,16.921100,45400,no
210,BUY,0.269731,21:07:23.353334388,yes,21.029900,ask1,800,00:00:00.000063321,0.121000,8.264463,0.681692,2,1,1576,2024,20.000000,16.878100,45400,no
211,BUY,0.613543,21:07:23.353334388,yes,21.029900,ask1,900,00:00:00.000036128,0.110000,9.090909,0.681692,2,1,1579,2021,20.000000,16.846100,45400,no
212,BUY,1.698405,21:07:23.353334388,yes,21.029900,ask1,1000,00:00:00.000036527,0.100000,10.000000,0.681692,2,1,1583,2017,20.000000,16.803500,45400,no
213,BUY,1.361805,21:07:23.353334388,yes,21.029900,ask1,1000,00:00:00.000037463,0.100000,10.000000,0.681692,2,1,1587,2013,20.000000,16.761100,45400,no
214,BUY,1.291621,21:07:23.353334388,yes,21.020000,ask1,1000,00:00:00.000036278,0.100000,10.000000,0.681692,2,1,1592,2008,20.000000,16.708500,45400,no
215,BUY,-0.009503,21:07:23.353334388,no,-,-,-,-,0.100000,10.000000,0.681692,2,1,1620,1980,20.000000,16.419700,45400,no
216,BUY,0.553029,21:07:23.353334388,yes,21.009900,ask1,1000,00:00:00.000037174,0.100000,10.000000,0.681692,2,1,1626,1974,20.000000,16.359100,45400,no
217,BUY,0.784685,21:07:23.353334388,yes,21.009900,ask1,1000,00:00:00.000033653,0.100000,10.000000,0.681692,2,1,1635,1965,20.000000,16.269100,45400,no
218,BUY,0.643678,21:07:23.353334388,yes,21.020000,ask1,1000,00:00:00.000036044,0.100000,10.000000,0.681692,2,1,1648,1952,20.000000,16.140700,45400,no
219,BUY,0.758960,21:07:23.353334388,yes,21.040000,ask1,1000,00:00:00.000036501,0.100000,10.000000,0.681692,2,1,1657,1943,20.000000,16.053100,45400,no
220,BUY,3.976101,21:07:23.353334388,yes,20.779900,ask1,45400,00:00:00.000024791,0.100000,10.000000,0.681692,2,1,4926,-1326,20.000000,5.399900,45400,yes
221,BUY,3.053584,21:07:23.353334388,yes,20.779900,ask1,45400,00:00:00.000024127,0.100000,10.000000,0.681692,2,1,4930,-1330,20.000000,5.395500,45400,yes
222,BUY,3.475091,21:07:23.353334388,yes,20.779900,ask1,45400,00:00:00.000024804,0.100000,10.000000,0.681692,2,1,4934,-1334,20.000000,5.391100,45400,yes
223,BUY,1.773780,21:07:23.353334388,yes,20.779900,ask1,45400,00:00:00.000024587,0.100000,10.000000,0.681692,2,1,4937,-1337,20.000000,5.387800,45400,yes
224,BUY,2.787054,21:07:23.353334388,yes,20.779900,ask1,45400,00:00:00.000025868,0.100000,10.000000,0.681692,2,1,4942,-1342,20.000000,5.382400,45400,yes
225,BUY,1.300464,21:07:23.353334388,yes,20.779900,ask1,45400,00:00:00.000025808,0.100000,10.000000,0.681692,2,1,4946,-1346,20.000000,5.378000,45400,yes
226,BUY,2.645018,21:07:23.353334388,yes,20.779900,ask1,45400,00:00:00.000025476,0.100000,10.000000,0.681692,2,1,4948,-1348,20.000000,5.375900,45400,yes
227,BUY,3.615698,21:07:23.353334388,yes,20.779900,ask1,45400,00:00:00.000024913,0.100000,10.000000,0.681692,2,1,4953,-1353,20.000000,5.370400,45400,yes
228,BUY,5.059107,21:07:23.353334388,yes,20.779900,ask1,45400,00:00:00.000025633,0.100000,10.000000,0.681692,2,1,4957,-1357,20.000000,5.366100,45400,yes
229,BUY,4.935710,21:07:23.353334388,yes,20.779900,ask1,45400,00:00:00.000025287,0.100000,10.000000,0.681692,2,1,4960,-1360,20.000000,5.362900,45400,yes
230,BUY,4.566160,21:07:23.353334388,yes,20.779900,ask1,45400,00:00:00.000025652,0.100000,10.000000,0.681692,2,1,4964,-1364,20.000000,5.358500,45400,yes
231,BUY,4.493237,21:07:23.353334388,yes,20.779900,ask1,45400,00:00:00.000025335,0.100000,10.000000,0.681692,2,1,4967,-1367,20.000000,5.355300,45400,yes
232,BUY,3.949373,21:07:23.353334388,yes,20.790000,ask1,45400,00:00:00.000024924,0.100000,10.000000,0.681692,2,1,4971,-1371,20.000000,5.351000,45400,yes
233,BUY,3.809010,21:07:23.353334388,yes,20.790000,ask1,45400,00:00:00.000025052,0.100000,10.000000,0.681692,2,1,4976,-1376,20.000000,5.345600,45400,yes
234,BUY,3.346771,21:07:23.353334388,yes,20.790000,ask1,45400,00:00:00.000025632,0.100000,10.000000,0.681692,2,1,4980,-1380,20.000000,5.341300,45400,yes
235,BUY,0.697304,21:07:23.353334388,yes,20.790000,ask1,45400,00:00:00.000025601,0.100000,10.000000,0.681692,2,1,4984,-1384,20.000000,5.337000,45400,yes
236,BUY,0.247513,21:07:23.353334388,yes,20.790000,ask1,45400,00:00:00.000048663,0.100000,10.000000,0.681692,2,1,4990,-1390,20.000000,5.330600,45400,yes
237,BUY,0.761060,21:07:23.353334388,yes,20.790000,ask1,45400,00:00:00.000024431,0.100000,10.000000,0.681692,2,1,4993,-1393,20.000000,5.327400,45400,yes
238,BUY,0.128988,21:07:23.353334388,yes,20.790000,ask1,45400,00:00:00.000024305,0.100000,10.000000,0.681692,2,1,4998,-1398,20.000000,5.322100,45400,yes
239,BUY,0.295432,21:07:23.353334388,yes,20.790000,ask1,45400,00:00:00.000026230,0.100000,10.000000,0.681692,2,1,5003,-1403,20.000000,5.316800,45400,yes
240,BUY,0.850944,21:07:23.353334388,yes,20.800000,ask1,45400,00:00:00.000024867,0.100000,10.000000,0.681692,2,1,5035,-1435,20.000000,5.283000,45400,yes
