轮数,方向,预测值,算法开始时间,是否下单,下单价格,档位,下单量,下单耗时(从预测到下单),r1,r2,std,freq,qty_scalar,经过时间,剩余时间,目标速度,实际速度,剩余量,是否为最后一轮
1,SELL,-0.718833,21:07:23.360604432,yes,30.400000,bid1,100,00:00:00.000045122,0.909091,1.100000,0.661168,2,1,332,3268,7.500000,0.301200,26900,no
2,SELL,-0.768333,21:07:23.360604432,yes,30.420000,bid1,100,00:00:00.000040935,0.826446,1.210000,0.661168,2,1,335,3265,7.500000,0.597000,26800,no
3,SELL,-0.984796,21:07:23.360604432,yes,30.420000,bid1,100,00:00:00.000045239,0.751315,1.331000,0.661168,2,1,339,3261,7.500000,0.884900,26700,no
4,SELL,-0.579917,21:07:23.360604432,yes,30.420000,bid1,100,00:00:00.000039941,0.683013,1.464100,0.661168,2,1,343,3257,7.500000,1.166100,26600,no
5,SELL,-1.024601,21:07:23.360604432,yes,30.420000,bid1,100,00:00:00.000038921,0.620921,1.610510,0.661168,2,1,347,3253,7.500000,1.440900,26500,no
6,SELL,-1.187244,21:07:23.360604432,yes,30.420000,bid1,100,00:00:00.000043385,0.564474,1.771561,0.661168,2,1,351,3249,7.500000,1.709400,26400,no
7,SELL,-0.803490,21:07:23.360604432,yes,30.420000,bid1,100,00:00:00.000038107,0.513158,1.948717,0.661168,2,1,355,3245,7.500000,1.971800,26300,no
8,SELL,-0.038909,21:07:23.360604432,no,-,-,-,-,0.466507,2.143589,0.661168,2,1,359,3241,7.500000,1.949800,26300,no
9,SELL,0.500411,21:07:23.360604432,no,-,-,-,-,0.424098,2.357948,0.661168,2,1,363,3237,7.500000,1.928300,26300,no
10,SELL,0.073229,21:07:23.360604432,no,-,-,-,-,0.385543,2.593742,0.661168,2,1,367,3233,7.500000,1.907300,26300,no
11,SELL,0.002876,21:07:23.360604432,no,-,-,-,-,0.350494,2.853117,0.661168,2,1,369,3231,7.500000,1.897000,26300,no
12,SELL,-0.061377,21:07:23.360604432,no,-,-,-,-,0.318631,3.138428,0.661168,2,1,373,3227,7.500000,1.876600,26300,no
13,SELL,0.021194,21:07:23.360604432,no,-,-,-,-,0.289664,3.452271,0.661168,2,1,376,3224,7.500000,1.861700,26300,no
14,SELL,-0.281884,21:07:23.360604432,yes,30.430000,bid1,300,00:00:00.000041757,0.263331,3.797498,0.661168,2,1,381,3219,7.500000,2.624600,26000,no
15,SELL,-0.426581,21:07:23.360604432,yes,30.430000,bid1,400,00:00:00.000038224,0.239392,4.177248,0.661168,2,1,383,3217,7.500000,3.655300,25600,no
16,SELL,-0.225006,21:07:23.360604432,yes,30.430000,bid1,400,00:00:00.000035255,0.217629,4.594973,0.661168,2,1,387,3213,7.500000,4.651100,25200,no
17,SELL,-0.346713,21:07:23.360604432,yes,30.430000,bid1,500,00:00:00.000039824,0.197845,5.054470,0.661168,2,1,392,3208,7.500000,4.591800,25200,no
18,SELL,0.161545,21:07:23.360604432,no,-,-,-,-,0.179859,5.559917,0.661168,2,1,396,3204,7.500000,5.808000,24700,no
19,SELL,0.060789,21:07:23.360604432,no,-,-,-,-,0.163508,6.115909,0.661168,2,1,399,3201,7.500000,5.764400,24700,no
20,SELL,-0.193717,21:07:23.360604432,yes,30.430000,bid1,600,00:00:00.000035948,0.148644,6.727500,0.661168,2,1,402,3198,7.500000,7.213900,24100,no
21,SELL,-0.394648,21:07:23.360604432,yes,30.430000,bid1,700,00:00:00.000037753,0.135131,7.400250,0.661168,2,1,406,3194,7.500000,8.866900,23400,no
22,SELL,-0.422816,21:07:23.360604432,yes,30.430000,bid1,700,00:00:00.000036649,0.135131,7.400250,0.661168,2,1,409,3191,7.500000,10.513400,22700,no
23,SELL,-0.456689,21:07:23.360604432,yes,30.430000,bid1,700,00:00:00.000036722,0.135131,7.400250,0.661168,2,1,412,3188,7.500000,12.135900,22000,no
24,SELL,-0.437591,21:07:23.360604432,yes,30.430000,bid1,700,00:00:00.000037365,0.135131,7.400250,0.661168,2,1,416,3184,7.500000,13.701900,21300,no
25,SELL,-0.366511,21:07:23.360604432,yes,30.430000,bid1,700,00:00:00.000038918,0.135131,7.400250,0.661168,2,1,422,3178,7.500000,15.165800,20600,no
26,SELL,-0.101573,21:07:23.360604432,yes,30.430000,bid1,700,00:00:00.000039519,0.135131,7.400250,0.661168,2,1,427,3173,7.500000,16.627600,19900,no
27,SELL,-0.409031,21:07:23.360604432,yes,30.430000,bid1,600,00:00:00.000037891,0.148644,6.727500,0.661168,2,1,432,3168,7.500000,17.824000,19300,no
28,SELL,-0.506855,21:07:23.360604432,yes,30.420000,bid1,600,00:00:00.000040173,0.163508,6.115909,0.661168,2,1,438,3162,7.500000,18.949700,18700,no
29,SELL,-0.828878,21:07:23.360604432,yes,30.420000,bid1,500,00:00:00.000037472,0.179859,5.559917,0.661168,2,1,441,3159,7.500000,19.954600,18200,no
30,SELL,-0.868070,21:07:23.360604432,yes,30.400000,bid1,500,00:00:00.000049433,0.197845,5.054470,0.661168,2,1,444,3156,7.500000,19.819800,18200,no
31,SELL,-0.816815,21:07:23.360604432,yes,30.410000,bid1,400,00:00:00.000037018,0.217629,4.594973,0.661168,2,1,448,3152,7.500000,21.651700,17300,no
32,SELL,-0.476728,21:07:23.360604432,yes,30.400000,bid1,400,00:00:00.000037636,0.239392,4.177248,0.661168,2,1,451,3149,7.500000,22.394600,16900,no
33,SELL,-0.653196,21:07:23.360604432,yes,30.400000,bid1,300,00:00:00.000040430,0.263331,3.797498,0.661168,2,1,457,3143,7.500000,22.757100,16600,no
34,SELL,-0.632067,21:07:23.360604432,yes,30.400000,bid1,300,00:00:00.000042609,0.289664,3.452271,0.661168,2,1,460,3140,7.500000,23.260800,16300,no
35,SELL,-0.117807,21:07:23.360604432,no,-,-,-,-,0.318631,3.138428,0.661168,2,1,464,3136,7.500000,23.060300,16300,no
36,SELL,-0.123946,21:07:23.360604432,no,-,-,-,-,0.350494,2.853117,0.661168,2,1,466,3134,7.500000,22.961300,16300,no
37,SELL,0.279024,21:07:23.360604432,no,-,-,-,-,0.385543,2.593742,0.661168,2,1,471,3129,7.500000,22.717600,16300,no
38,SELL,-0.311708,21:07:23.360604432,yes,30.400000,bid1,200,00:00:00.000038633,0.424098,2.357948,0.661168,2,1,474,3126,7.500000,22.995700,16100,no
39,SELL,-0.371502,21:07:23.360604432,yes,30.400000,bid1,200,00:00:00.000036195,0.466507,2.143589,0.661168,2,1,479,3121,7.500000,23.173200,15900,no
40,SELL,-0.007546,21:07:23.360604432,no,-,-,-,-,0.513158,1.948717,0.661168,2,1,482,3118,7.500000,23.029000,15900,no
41,SELL,0.015917,21:07:23.360604432,no,-,-,-,-,0.564474,1.771561,0.661168,2,1,487,3113,7.500000,22.792600,15900,no
42,SELL,-0.041078,21:07:23.360604432,no,-,-,-,-,0.620921,1.610510,0.661168,2,1,490,3110,7.500000,22.653000,15900,no
43,SELL,-0.020846,21:07:23.360604432,no,-,-,-,-,0.683013,1.464100,0.661168,2,1,495,3105,7.500000,22.424200,15900,no
44,SELL,0.104293,21:07:23.360604432,no,-,-,-,-,0.751315,1.331000,0.661168,2,1,501,3099,7.500000,22.155600,15900,no
45,SELL,0.024046,21:07:23.360604432,no,-,-,-,-,0.826446,1.210000,0.661168,2,1,504,3096,7.500000,22.023800,15900,no
46,SELL,-0.203131,21:07:23.360604432,no,-,-,-,-,0.909091,1.100000,0.661168,2,1,509,3091,7.500000,21.807400,15900,no
47,SELL,-0.360564,21:07:23.360604432,no,-,-,-,-,1.000000,1.000000,0.661168,2,1,513,3087,7.500000,21.637400,15900,no
48,SELL,-0.156379,21:07:23.360604432,no,-,-,-,-,1.100000,0.909091,0.661168,2,1,517,3083,7.500000,21.470000,15900,no
49,SELL,-0.251565,21:07:23.360604432,no,-,-,-,-,1.210000,0.826446,0.661168,2,1,522,3078,7.500000,21.264300,15900,no
50,SELL,-0.391170,21:07:23.360604432,no,-,-,-,-,1.331000,0.751315,0.661168,2,1,527,3073,7.500000,21.062600,15900,no
51,SELL,-0.184460,21:07:23.360604432,no,-,-,-,-,1.464100,0.683013,0.661168,2,1,530,3070,7.500000,20.943300,15900,no
52,SELL,-0.084103,21:07:23.360604432,no,-,-,-,-,1.610510,0.620921,0.661168,2,1,534,3066,7.500000,20.786500,15900,no
53,SELL,-0.533473,21:07:23.360604432,no,-,-,-,-,1.771561,0.564474,0.661168,2,1,539,3061,7.500000,20.593600,15900,no
54,SELL,-0.154455,21:07:23.360604432,no,-,-,-,-,1.948717,0.513158,0.661168,2,1,545,3055,7.500000,20.366900,15900,no
55,SELL,-0.433935,21:07:23.360604432,no,-,-,-,-,2.143589,0.466507,0.661168,2,1,553,3047,7.500000,20.072300,15900,no
56,SELL,0.111609,21:07:23.360604432,no,-,-,-,-,2.357948,0.424098,0.661168,2,1,557,3043,7.500000,19.928100,15900,no
57,SELL,-0.226769,21:07:23.360604432,no,-,-,-,-,2.593742,0.385543,0.661168,2,1,562,3038,7.500000,19.750800,15900,no
58,SELL,0.521917,21:07:23.360604432,no,-,-,-,-,2.853117,0.350494,0.661168,2,1,567,3033,7.500000,19.576700,15900,no
59,SELL,0.316358,21:07:23.360604432,no,-,-,-,-,3.138428,0.318631,0.661168,2,1,571,3029,7.500000,19.439500,15900,no
60,SELL,0.422045,21:07:23.360604432,no,-,-,-,-,3.452271,0.289664,0.661168,2,1,576,3024,7.500000,19.270800,15900,no
61,SELL,0.714402,21:07:23.360604432,no,-,-,-,-,3.797498,0.263331,0.661168,2,1,578,3022,7.500000,19.204100,15900,no
62,SELL,1.297191,21:07:23.360604432,no,-,-,-,-,4.177248,0.239392,0.661168,2,1,583,3017,7.500000,19.039400,15900,no
63,SELL,1.352817,21:07:23.360604432,no,-,-,-,-,4.594973,0.217629,0.661168,2,1,586,3014,7.500000,18.941900,15900,no
64,SELL,1.311777,21:07:23.360604432,no,-,-,-,-,5.054470,0.197845,0.661168,2,1,591,3009,7.500000,18.781700,15900,no
65,SELL,1.146050,21:07:23.360604432,no,-,-,-,-,5.559917,0.179859,0.661168,2,1,595,3005,7.500000,18.655400,15900,no
66,SELL,1.152439,21:07:23.360604432,no,-,-,-,-,6.115909,0.163508,0.661168,2,1,600,3000,7.500000,18.500000,15900,no
67,SELL,1.267521,21:07:23.360604432,no,-,-,-,-,6.727500,0.148644,0.661168,2,1,604,2996,7.500000,18.377400,15900,no
68,SELL,1.365379,21:07:23.360604432,no,-,-,-,-,7.400250,0.135131,0.661168,2,1,607,2993,7.500000,18.286600,15900,no
69,SELL,1.420559,21:07:23.360604432,no,-,-,-,-,8.140275,0.122846,0.661168,2,1,610,2990,7.500000,18.196700,15900,no
70,SELL,1.307967,21:07:23.360604432,no,-,-,-,-,8.954302,0.111678,0.661168,2,1,614,2986,7.500000,18.078100,15900,no
71,SELL,0.615213,21:07:23.360604432,no,-,-,-,-,9.849733,0.101526,0.661168,2,1,618,2982,7.500000,17.961100,15900,no
72,SELL,0.632310,21:07:23.360604432,no,-,-,-,-,10.000000,0.100000,0.661168,2,1,621,2979,7.500000,17.874300,15900,no
73,SELL,0.409485,21:07:23.360604432,no,-,-,-,-,10.000000,0.100000,0.661168,2,1,625,2975,7.500000,17.760000,15900,no
74,SELL,0.628356,21:07:23.360604432,no,-,-,-,-,10.000000,0.100000,0.661168,2,1,629,2971,7.500000,17.647000,15900,no
75,SELL,-0.547289,21:07:23.360604432,no,-,-,-,-,10.000000,0.100000,0.661168,2,1,633,2967,7.500000,17.535500,15900,no
76,SELL,-0.631854,21:07:23.360604432,no,-,-,-,-,10.000000,0.100000,0.661168,2,1,637,2963,7.500000,17.425400,15900,no
77,SELL,-0.510343,21:07:23.360604432,no,-,-,-,-,10.000000,0.100000,0.661168,2,1,640,2960,7.500000,17.343700,15900,no
78,SELL,-0.741672,21:07:23.360604432,no,-,-,-,-,10.000000,0.100000,0.661168,2,1,642,2958,7.500000,17.289700,15900,no
79,SELL,-0.396093,21:07:23.360604432,no,-,-,-,-,10.000000,0.100000,0.661168,2,1,644,2956,7.500000,17.236000,15900,no
80,SELL,0.519445,21:07:23.360604432,no,-,-,-,-,10.000000,0.100000,0.661168,2,1,648,2952,7.500000,17.129600,15900,no
81,SELL,0.788487,21:07:23.360604432,no,-,-,-,-,10.000000,0.100000,0.661168,2,1,651,2949,7.500000,17.050600,15900,no
82,SELL,0.354294,21:07:23.360604432,no,-,-,-,-,10.000000,0.100000,0.661168,2,1,655,2945,7.500000,16.946500,15900,no
83,SELL,0.707402,21:07:23.360604432,no,-,-,-,-,10.000000,0.100000,0.661168,2,1,658,2942,7.500000,16.869300,15900,no
84,SELL,1.409979,21:07:23.360604432,no,-,-,-,-,10.000000,0.100000,0.661168,2,1,663,2937,7.500000,16.742000,15900,no
85,SELL,0.786441,21:07:23.360604432,no,-,-,-,-,10.000000,0.100000,0.661168,2,1,667,2933,7.500000,16.641600,15900,no
86,SELL,1.214301,21:07:23.360604432,no,-,-,-,-,10.000000,0.100000,0.661168,2,1,670,2930,7.500000,16.567100,15900,no
87,SELL,0.952835,21:07:23.360604432,no,-,-,-,-,10.000000,0.100000,0.661168,2,1,673,2927,7.500000,16.493300,15900,no
88,SELL,0.393183,21:07:23.360604432,no,-,-,-,-,10.000000,0.100000,0.661168,2,1,677,2923,7.500000,16.395800,15900,no
89,SELL,0.274147,21:07:23.360604432,no,-,-,-,-,10.000000,0.100000,0.661168,2,1,680,2920,7.500000,16.323500,15900,no
90,SELL,0.353190,21:07:23.360604432,no,-,-,-,-,10.000000,0.100000,0.661168,2,1,684,2916,7.500000,16.228000,15900,no
91,SELL,0.302539,21:07:23.360604432,no,-,-,-,-,10.000000,0.100000,0.661168,2,1,687,2913,7.500000,16.157200,15900,no
92,SELL,0.375616,21:07:23.360604432,no,-,-,-,-,10.000000,0.100000,0.661168,2,1,690,2910,7.500000,16.086900,15900,no
93,SELL,0.045705,21:07:23.360604432,no,-,-,-,-,10.000000,0.100000,0.661168,2,1,694,2906,7.500000,15.994200,15900,no
94,SELL,0.604753,21:07:23.360604432,no,-,-,-,-,10.000000,0.100000,0.661168,2,1,697,2903,7.500000,15.925300,15900,no
95,SELL,0.383767,21:07:23.360604432,no,-,-,-,-,10.000000,0.100000,0.661168,2,1,702,2898,7.500000,15.811900,15900,no
96,SELL,0.625789,21:07:23.360604432,no,-,-,-,-,10.000000,0.100000,0.661168,2,1,705,2895,7.500000,15.744600,15900,no
97,SELL,0.795771,21:07:23.360604432,no,-,-,-,-,10.000000,0.100000,0.661168,2,1,707,2893,7.500000,15.700100,15900,no
98,SELL,0.579376,21:07:23.360604432,no,-,-,-,-,10.000000,0.100000,0.661168,2,1,711,2889,7.500000,15.611800,15900,no
99,SELL,0.670628,21:07:23.360604432,no,-,-,-,-,10.000000,0.100000,0.661168,2,1,714,2886,7.500000,15.546200,15900,no
100,SELL,0.659105,21:07:23.360604432,no,-,-,-,-,10.000000,0.100000,0.661168,2,1,716,2884,7.500000,15.502700,15900,no
101,SELL,0.544883,21:07:23.360604432,no,-,-,-,-,10.000000,0.100000,0.661168,2,1,719,2881,7.500000,15.438100,15900,no
102,SELL,0.332373,21:07:23.360604432,no,-,-,-,-,10.000000,0.100000,0.661168,2,1,722,2878,7.500000,15.373900,15900,no
103,SELL,0.219001,21:07:23.360604432,no,-,-,-,-,10.000000,0.100000,0.661168,2,1,725,2875,7.500000,15.310300,15900,no
104,SELL,0.070598,21:07:23.360604432,no,-,-,-,-,10.000000,0.100000,0.661168,2,1,729,2871,7.500000,15.226300,15900,no
105,SELL,-0.190765,21:07:23.360604432,no,-,-,-,-,10.000000,0.100000,0.661168,2,1,733,2867,7.500000,15.143200,15900,no
106,SELL,-0.456918,21:07:23.360604432,no,-,-,-,-,10.000000,0.100000,0.661168,2,1,738,2862,7.500000,15.040600,15900,no
107,SELL,-0.065528,21:07:23.360604432,no,-,-,-,-,10.000000,0.100000,0.661168,2,1,743,2857,7.500000,14.939400,15900,no
108,SELL,0.088770,21:07:23.360604432,no,-,-,-,-,10.000000,0.100000,0.661168,2,1,750,2850,7.500000,14.800000,15900,no
109,SELL,-0.029312,21:07:23.360604432,no,-,-,-,-,10.000000,0.100000,0.661168,2,1,756,2844,7.500000,14.682500,15900,no
110,SELL,-0.191054,21:07:23.360604432,no,-,-,-,-,10.000000,0.100000,0.661168,2,1,759,2841,7.500000,14.624500,15900,no
111,SELL,-0.054867,21:07:23.360604432,no,-,-,-,-,10.000000,0.100000,0.661168,2,1,764,2836,7.500000,14.528700,15900,no
112,SELL,-0.161659,21:07:23.360604432,no,-,-,-,-,10.000000,0.100000,0.661168,2,1,767,2833,7.500000,14.471900,15900,no
113,SELL,-0.228783,21:07:23.360604432,no,-,-,-,-,10.000000,0.100000,0.661168,2,1,771,2829,7.500000,14.396800,15900,no
114,SELL,0.051857,21:07:23.360604432,no,-,-,-,-,10.000000,0.100000,0.661168,2,1,774,2826,7.500000,14.341000,15900,no
115,SELL,0.036794,21:07:23.360604432,no,-,-,-,-,10.000000,0.100000,0.661168,2,1,777,2823,7.500000,14.285700,15900,no
116,SELL,-0.182277,21:07:23.360604432,no,-,-,-,-,10.000000,0.100000,0.661168,2,1,781,2819,7.500000,14.212500,15900,no
117,SELL,-0.442928,21:07:23.360604432,no,-,-,-,-,10.000000,0.100000,0.661168,2,1,785,2815,7.500000,14.140100,15900,no
118,SELL,-0.276339,21:07:23.360604432,no,-,-,-,-,10.000000,0.100000,0.661168,2,1,787,2813,7.500000,14.104100,15900,no
119,SELL,-0.240487,21:07:23.360604432,no,-,-,-,-,10.000000,0.100000,0.661168,2,1,789,2811,7.500000,14.068400,15900,no
120,SELL,-0.040074,21:07:23.360604432,no,-,-,-,-,10.000000,0.100000,0.661168,2,1,792,2808,7.500000,14.015100,15900,no
121,SELL,0.126058,21:07:23.360604432,no,-,-,-,-,10.000000,0.100000,0.661168,2,1,796,2804,7.500000,13.944700,15900,no
122,SELL,-0.077744,21:07:23.360604432,no,-,-,-,-,10.000000,0.100000,0.661168,2,1,799,2801,7.500000,13.892300,15900,no
123,SELL,0.164128,21:07:23.360604432,no,-,-,-,-,10.000000,0.100000,0.661168,2,1,803,2797,7.500000,13.823100,15900,no
124,SELL,0.415877,21:07:23.360604432,no,-,-,-,-,10.000000,0.100000,0.661168,2,1,807,2793,7.500000,13.754600,15900,no
125,SELL,0.605081,21:07:23.360604432,no,-,-,-,-,10.000000,0.100000,0.661168,2,1,810,2790,7.500000,13.703700,15900,no
126,SELL,0.192531,21:07:23.360604432,no,-,-,-,-,10.000000,0.100000,0.661168,2,1,814,2786,7.500000,13.636300,15900,no
127,SELL,0.341853,21:07:23.360604432,no,-,-,-,-,10.000000,0.100000,0.661168,2,1,818,2782,7.500000,13.569600,15900,no
128,SELL,0.205373,21:07:23.360604432,no,-,-,-,-,10.000000,0.100000,0.661168,2,1,821,2779,7.500000,13.520000,15900,no
129,SELL,-0.017936,21:07:23.360604432,no,-,-,-,-,10.000000,0.100000,0.661168,2,1,825,2775,7.500000,13.454500,15900,no
130,SELL,0.324841,21:07:23.360604432,no,-,-,-,-,10.000000,0.100000,0.661168,2,1,828,2772,7.500000,13.405700,15900,no
131,SELL,0.530133,21:07:23.360604432,no,-,-,-,-,10.000000,0.100000,0.661168,2,1,832,2768,7.500000,13.341300,15900,no
132,SELL,0.411613,21:07:23.360604432,no,-,-,-,-,10.000000,0.100000,0.661168,2,1,835,2765,7.500000,13.293400,15900,no
133,SELL,0.527583,21:07:23.360604432,no,-,-,-,-,10.000000,0.100000,0.661168,2,1,838,2762,7.500000,13.245800,15900,no
134,SELL,0.957334,21:07:23.360604432,no,-,-,-,-,10.000000,0.100000,0.661168,2,1,841,2759,7.500000,13.198500,15900,no
135,SELL,0.856319,21:07:23.360604432,no,-,-,-,-,10.000000,0.100000,0.661168,2,1,844,2756,7.500000,13.151600,15900,no
136,SELL,0.672825,21:07:23.360604432,no,-,-,-,-,10.000000,0.100000,0.661168,2,1,848,2752,7.500000,13.089600,15900,no
137,SELL,0.546482,21:07:23.360604432,no,-,-,-,-,10.000000,0.100000,0.661168,2,1,851,2749,7.500000,13.043400,15900,no
138,SELL,0.426737,21:07:23.360604432,no,-,-,-,-,10.000000,0.100000,0.661168,2,1,854,2746,7.500000,12.997600,15900,no
139,SELL,0.717807,21:07:23.360604432,no,-,-,-,-,10.000000,0.100000,0.661168,2,1,858,2742,7.500000,12.937000,15900,no
140,SELL,0.669407,21:07:23.360604432,no,-,-,-,-,10.000000,0.100000,0.661168,2,1,860,2740,7.500000,12.906900,15900,no
141,SELL,0.684178,21:07:23.360604432,no,-,-,-,-,10.000000,0.100000,0.661168,2,1,863,2737,7.500000,12.862100,15900,no
142,SELL,0.571030,21:07:23.360604432,no,-,-,-,-,10.000000,0.100000,0.661168,2,1,867,2733,7.500000,12.802700,15900,no
143,SELL,0.638958,21:07:23.360604432,no,-,-,-,-,10.000000,0.100000,0.661168,2,1,871,2729,7.500000,12.743900,15900,no
144,SELL,0.331219,21:07:23.360604432,no,-,-,-,-,10.000000,0.100000,0.661168,2,1,876,2724,7.500000,12.671200,15900,no
145,SELL,0.332233,21:07:23.360604432,no,-,-,-,-,10.000000,0.100000,0.661168,2,1,878,2722,7.500000,12.642300,15900,no
146,SELL,0.532836,21:07:23.360604432,no,-,-,-,-,10.000000,0.100000,0.661168,2,1,882,2718,7.500000,12.585000,15900,no
147,SELL,0.591118,21:07:23.360604432,no,-,-,-,-,10.000000,0.100000,0.661168,2,1,884,2716,7.500000,12.556500,15900,no
148,SELL,0.402961,21:07:23.360604432,no,-,-,-,-,10.000000,0.100000,0.661168,2,1,888,2712,7.500000,12.500000,15900,no
149,SELL,0.207153,21:07:23.360604432,no,-,-,-,-,10.000000,0.100000,0.661168,2,1,892,2708,7.500000,12.443900,15900,no
150,SELL,0.102567,21:07:23.360604432,no,-,-,-,-,10.000000,0.100000,0.661168,2,1,895,2705,7.500000,12.402200,15900,no
151,SELL,-0.042754,21:07:23.360604432,no,-,-,-,-,10.000000,0.100000,0.661168,2,1,898,2702,7.500000,12.360800,15900,no
152,SELL,-0.032173,21:07:23.360604432,no,-,-,-,-,10.000000,0.100000,0.661168,2,1,902,2698,7.500000,12.305900,15900,no
153,SELL,0.592072,21:07:23.360604432,no,-,-,-,-,10.000000,0.100000,0.661168,2,1,905,2695,7.500000,12.265100,15900,no
154,SELL,0.683651,21:07:23.360604432,no,-,-,-,-,10.000000,0.100000,0.661168,2,1,908,2692,7.500000,12.224600,15900,no
155,SELL,0.783630,21:07:23.360604432,no,-,-,-,-,10.000000,0.100000,0.661168,2,1,910,2690,7.500000,12.197800,15900,no
156,SELL,0.091816,21:07:23.360604432,no,-,-,-,-,10.000000,0.100000,0.661168,2,1,1190,2410,7.500000,9.327700,15900,no
157,SELL,1.147630,21:07:23.360604432,no,-,-,-,-,10.000000,0.100000,0.661168,2,1,1194,2406,7.500000,9.296400,15900,no
158,SELL,0.518933,21:07:23.360604432,no,-,-,-,-,10.000000,0.100000,0.661168,2,1,1197,2403,7.500000,9.273100,15900,no
159,SELL,0.639920,21:07:23.360604432,no,-,-,-,-,10.000000,0.100000,0.661168,2,1,1201,2399,7.500000,9.242200,15900,no
160,SELL,0.842898,21:07:23.360604432,no,-,-,-,-,10.000000,0.100000,0.661168,2,1,1206,2394,7.500000,9.203900,15900,no
161,SELL,0.564615,21:07:23.360604432,no,-,-,-,-,10.000000,0.100000,0.661168,2,1,1213,2387,7.500000,9.150800,15900,no
162,SELL,0.249826,21:07:23.360604432,no,-,-,-,-,10.000000,0.100000,0.661168,2,1,1219,2381,7.500000,9.105800,15900,no
163,SELL,0.343390,21:07:23.360604432,no,-,-,-,-,10.000000,0.100000,0.661168,2,1,1225,2375,7.500000,9.061200,15900,no
164,SELL,0.349468,21:07:23.360604432,no,-,-,-,-,10.000000,0.100000,0.661168,2,1,1231,2369,7.500000,9.017000,15900,no
165,SELL,0.075415,21:07:23.360604432,no,-,-,-,-,10.000000,0.100000,0.661168,2,1,1234,2366,7.500000,8.995100,15900,no
166,SELL,0.166088,21:07:23.360604432,no,-,-,-,-,10.000000,0.100000,0.661168,2,1,1237,2363,7.500000,8.973300,15900,no
167,SELL,0.822684,21:07:23.360604432,no,-,-,-,-,10.000000,0.100000,0.661168,2,1,1242,2358,7.500000,8.937100,15900,no
168,SELL,0.231369,21:07:23.360604432,no,-,-,-,-,10.000000,0.100000,0.661168,2,1,1247,2353,7.500000,8.901300,15900,no
169,SELL,0.309407,21:07:23.360604432,no,-,-,-,-,10.000000,0.100000,0.661168,2,1,1251,2349,7.500000,8.872900,15900,no
170,SELL,0.187139,21:07:23.360604432,no,-,-,-,-,10.000000,0.100000,0.661168,2,1,1255,2345,7.500000,8.844600,15900,no
171,SELL,0.757226,21:07:23.360604432,no,-,-,-,-,10.000000,0.100000,0.661168,2,1,1259,2341,7.500000,8.816500,15900,no
172,SELL,0.132361,21:07:23.360604432,no,-,-,-,-,10.000000,0.100000,0.661168,2,1,1264,2336,7.500000,8.781600,15900,no
173,SELL,0.461273,21:07:23.360604432,no,-,-,-,-,10.000000,0.100000,0.661168,2,1,1268,2332,7.500000,8.753900,15900,no
174,SELL,0.539775,21:07:23.360604432,no,-,-,-,-,10.000000,0.100000,0.661168,2,1,1271,2329,7.500000,8.733200,15900,no
175,SELL,0.530604,21:07:23.360604432,no,-,-,-,-,10.000000,0.100000,0.661168,2,1,1275,2325,7.500000,8.705800,15900,no
176,SELL,0.454065,21:07:23.360604432,no,-,-,-,-,10.000000,0.100000,0.661168,2,1,1278,2322,7.500000,8.685400,15900,no
177,SELL,0.229706,21:07:23.360604432,no,-,-,-,-,10.000000,0.100000,0.661168,2,1,1282,2318,7.500000,8.658300,15900,no
178,SELL,0.424580,21:07:23.360604432,no,-,-,-,-,10.000000,0.100000,0.661168,2,1,1287,2313,7.500000,8.624700,15900,no
179,SELL,0.610059,21:07:23.360604432,no,-,-,-,-,10.000000,0.100000,0.661168,2,1,1291,2309,7.500000,8.597900,15900,no
180,SELL,0.436310,21:07:23.360604432,no,-,-,-,-,10.000000,0.100000,0.661168,2,1,1297,2303,7.500000,8.558200,15900,no
181,SELL,0.668532,21:07:23.360604432,no,-,-,-,-,10.000000,0.100000,0.661168,2,1,1299,2301,7.500000,8.545000,15900,no
182,SELL,0.452142,21:07:23.360604432,no,-,-,-,-,10.000000,0.100000,0.661168,2,1,1304,2296,7.500000,8.512200,15900,no
183,SELL,1.270936,21:07:23.360604432,no,-,-,-,-,10.000000,0.100000,0.661168,2,1,1308,2292,7.500000,8.486200,15900,no
184,SELL,1.046997,21:07:23.360604432,no,-,-,-,-,10.000000,0.100000,0.661168,2,1,1312,2288,7.500000,8.460300,15900,no
185,SELL,0.874067,21:07:23.360604432,no,-,-,-,-,10.000000,0.100000,0.661168,2,1,1316,2284,7.500000,8.434600,15900,no
186,SELL,0.709754,21:07:23.360604432,no,-,-,-,-,10.000000,0.100000,0.661168,2,1,1320,2280,7.500000,8.409000,15900,no
187,SELL,0.420783,21:07:23.360604432,no,-,-,-,-,10.000000,0.100000,0.661168,2,1,1325,2275,7.500000,8.377300,15900,no
188,SELL,-0.244463,21:07:23.360604432,no,-,-,-,-,10.000000,0.100000,0.661168,2,1,1330,2270,7.500000,8.345800,15900,no
189,SELL,-0.089412,21:07:23.360604432,no,-,-,-,-,10.000000,0.100000,0.661168,2,1,1335,2265,7.500000,8.314600,15900,no
190,SELL,-0.235255,21:07:23.360604432,no,-,-,-,-,10.000000,0.100000,0.661168,2,1,1338,2262,7.500000,8.295900,15900,no
191,SELL,0.040843,21:07:23.360604432,no,-,-,-,-,10.000000,0.100000,0.661168,2,1,1345,2255,7.500000,8.252700,15900,no
192,SELL,-0.087135,21:07:23.360604432,no,-,-,-,-,10.000000,0.100000,0.661168,2,1,1347,2253,7.500000,8.240500,15900,no
193,SELL,0.335254,21:07:23.360604432,no,-,-,-,-,10.000000,0.100000,0.661168,2,1,1351,2249,7.500000,8.216100,15900,no
194,SELL,0.619847,21:07:23.360604432,no,-,-,-,-,10.000000,0.100000,0.661168,2,1,1355,2245,7.500000,8.191800,15900,no
195,SELL,-0.292732,21:07:23.360604432,no,-,-,-,-,10.000000,0.100000,0.661168,2,1,1358,2242,7.500000,8.173700,15900,no
196,SELL,-0.294894,21:07:23.360604432,no,-,-,-,-,10.000000,0.100000,0.661168,2,1,1361,2239,7.500000,8.155700,15900,no
197,SELL,-0.390757,21:07:23.360604432,no,-,-,-,-,10.000000,0.100000,0.661168,2,1,1365,2235,7.500000,8.131800,15900,no
198,SELL,-0.563944,21:07:23.360604432,no,-,-,-,-,10.000000,0.100000,0.661168,2,1,1369,2231,7.500000,8.108100,15900,no
199,SELL,-0.293791,21:07:23.360604432,no,-,-,-,-,10.000000,0.100000,0.661168,2,1,1375,2225,7.500000,8.072700,15900,no
200,SELL,1.145469,21:07:23.360604432,no,-,-,-,-,10.000000,0.100000,0.661168,2,1,1422,2178,7.500000,7.805900,15900,no
201,SELL,0.606562,21:07:23.360604432,no,-,-,-,-,10.000000,0.100000,0.661168,2,1,1428,2172,7.500000,7.773100,15900,no
202,SELL,0.707929,21:07:23.360604432,no,-,-,-,-,9.090909,0.110000,0.661168,2,1,1490,2110,7.500000,7.449600,15900,no
203,SELL,0.532719,21:07:23.360604432,no,-,-,-,-,8.264463,0.121000,0.661168,2,1,1494,2106,7.500000,7.429700,15900,no
204,SELL,0.673424,21:07:23.360604432,no,-,-,-,-,7.513148,0.133100,0.661168,2,1,1552,2048,7.500000,7.152000,15900,no
205,SELL,0.854235,21:07:23.360604432,no,-,-,-,-,6.830135,0.146410,0.661168,2,1,1554,2046,7.500000,7.142800,15900,no
206,SELL,0.297287,21:07:23.360604432,no,-,-,-,-,6.209213,0.161051,0.661168,2,1,1560,2040,7.500000,7.115300,15900,no
207,SELL,0.504393,21:07:23.360604432,no,-,-,-,-,5.644739,0.177156,0.661168,2,1,1562,2038,7.500000,7.106200,15900,no
208,SELL,0.265079,21:07:23.360604432,no,-,-,-,-,5.131581,0.194872,0.661168,2,1,1565,2035,7.500000,7.092600,15900,no
209,SELL,-0.019447,21:07:23.360604432,no,-,-,-,-,4.665074,0.214359,0.661168,2,1,1567,2033,7.500000,7.083500,15900,no
210,SELL,0.252334,21:07:23.360604432,no,-,-,-,-,4.240976,0.235795,0.661168,2,1,1572,2028,7.500000,7.061000,15900,no
211,SELL,0.376849,21:07:23.360604432,no,-,-,-,-,3.855433,0.259374,0.661168,2,1,1576,2024,7.500000,7.043100,15900,no
212,SELL,0.153756,21:07:23.360604432,no,-,-,-,-,3.504939,0.285312,0.661168,2,1,1580,2020,7.500000,7.025300,15900,no
213,SELL,0.242459,21:07:23.360604432,no,-,-,-,-,3.186308,0.313843,0.661168,2,1,1584,2016,7.500000,7.007500,15900,no
214,SELL,-0.058228,21:07:23.360604432,no,-,-,-,-,2.896644,0.345227,0.661168,2,1,1587,2013,7.500000,6.994300,15900,no
215,SELL,-0.086874,21:07:23.360604432,no,-,-,-,-,2.633313,0.379750,0.661168,2,1,1593,2007,7.500000,6.967900,15900,no
216,SELL,-0.372594,21:07:23.360604432,no,-,-,-,-,2.393920,0.417725,0.661168,2,1,1617,1983,7.500000,6.864500,15900,no
217,SELL,-0.347558,21:07:23.360604432,no,-,-,-,-,2.176291,0.459497,0.661168,2,1,1620,1980,7.500000,6.851800,15900,no
218,SELL,-0.714280,21:07:23.360604432,no,-,-,-,-,1.978447,0.505447,0.661168,2,1,1626,1974,7.500000,6.826500,15900,no
219,SELL,-0.486178,21:07:23.360604432,no,-,-,-,-,1.798588,0.555992,0.661168,2,1,1648,1952,7.500000,6.735400,15900,no
220,SELL,-0.655187,21:07:23.360604432,no,-,-,-,-,1.635080,0.611591,0.661168,2,1,1653,1947,7.500000,6.715000,15900,no
221,SELL,-0.608777,21:07:23.360604432,no,-,-,-,-,1.486436,0.672750,0.661168,2,1,1655,1945,7.500000,6.706900,15900,no
222,SELL,2.139130,21:07:23.360604432,yes,30.139900,ask1,15900,00:00:00.000025370,1.351306,0.740025,0.661168,2,1,4926,-1326,7.500000,2.253300,15900,yes
223,SELL,-1.592483,21:07:23.360604432,yes,30.130000,bid1,15900,00:00:00.000025978,1.228460,0.814027,0.661168,2,1,4930,-1330,7.500000,2.251500,15900,yes
224,SELL,-2.585805,21:07:23.360604432,yes,30.130000,bid1,15900,00:00:00.000026263,1.116782,0.895430,0.661168,2,1,4935,-1335,7.500000,2.249200,15900,yes
225,SELL,-0.955958,21:07:23.360604432,yes,30.139900,bid1,15900,00:00:00.000025206,1.015256,0.984973,0.661168,2,1,4938,-1338,7.500000,2.247800,15900,yes
226,SELL,-0.855987,21:07:23.360604432,no,-,-,-,-,0.922960,1.083471,0.661168,2,1,4942,-1342,7.500000,2.246000,15900,yes
227,SELL,1.506880,21:07:23.360604432,no,-,-,-,-,0.839055,1.191818,0.661168,2,1,4946,-1346,7.500000,2.244200,15900,yes
228,SELL,-0.479808,21:07:23.360604432,no,-,-,-,-,0.762777,1.310999,0.661168,2,1,4949,-1349,7.500000,2.242800,15900,yes
229,SELL,0.675256,21:07:23.360604432,no,-,-,-,-,0.693433,1.442099,0.661168,2,1,4953,-1353,7.500000,2.241000,15900,yes
230,SELL,0.677416,21:07:23.360604432,no,-,-,-,-,0.630394,1.586309,0.661168,2,1,4957,-1357,7.500000,2.239200,15900,yes
231,SELL,0.389908,21:07:23.360604432,no,-,-,-,-,0.573086,1.744940,0.661168,2,1,4960,-1360,7.500000,2.237900,15900,yes
232,SELL,0.609272,21:07:23.360604432,no,-,-,-,-,0.520987,1.919434,0.661168,2,1,4965,-1365,7.500000,2.235600,15900,yes
233,SELL,0.492742,21:07:23.360604432,no,-,-,-,-,0.473624,2.111378,0.661168,2,1,4968,-1368,7.500000,2.234200,15900,yes
234,SELL,0.626766,21:07:23.360604432,no,-,-,-,-,0.430568,2.322515,0.661168,2,1,4972,-1372,7.500000,2.232500,15900,yes
235,SELL,3.761037,21:07:23.360604432,no,-,-,-,-,0.391425,2.554767,0.661168,2,1,4977,-1377,7.500000,2.230200,15900,yes
236,SELL,1.940835,21:07:23.360604432,no,-,-,-,-,0.355841,2.810244,0.661168,2,1,4981,-1381,7.500000,2.228400,15900,yes
237,SELL,1.967581,21:07:23.360604432,no,-,-,-,-,0.323492,3.091268,0.661168,2,1,4984,-1384,7.500000,2.227100,15900,yes
238,SELL,2.638458,21:07:23.360604432,no,-,-,-,-,0.294083,3.400395,0.661168,2,1,4990,-1390,7.500000,2.224400,15900,yes
239,SELL,2.768523,21:07:23.360604432,no,-,-,-,-,0.267349,3.740434,0.661168,2,1,4994,-1394,7.500000,2.222600,15900,yes
240,SELL,2.210841,21:07:23.360604432,no,-,-,-,-,0.243044,4.114478,0.661168,2,1,4998,-1398,7.500000,2.220800,15900,yes
241,SELL,0.684756,21:07:23.360604432,no,-,-,-,-,0.220949,4.525926,0.661168,2,1,5003,-1403,7.500000,2.218600,15900,yes
242,SELL,0.797598,21:07:23.360604432,no,-,-,-,-,0.200863,4.978518,0.661168,2,1,5007,-1407,7.500000,2.216800,15900,yes
243,SELL,1.368580,21:07:23.360604432,no,-,-,-,-,0.182603,5.476370,0.661168,2,1,5030,-1430,7.500000,2.206700,15900,yes
244,SELL,0.923528,21:07:23.360604432,no,-,-,-,-,0.166002,6.024007,0.661168,2,1,5032,-1432,7.500000,2.205800,15900,yes
245,SELL,0.507138,21:07:23.360604432,no,-,-,-,-,0.150911,6.626408,0.661168,2,1,5035,-1435,7.500000,2.204500,15900,yes
246,SELL,1.136847,21:07:23.360604432,no,-,-,-,-,0.137192,7.289048,0.661168,2,1,5038,-1438,7.500000,2.203200,15900,yes
247,SELL,1.131680,21:07:23.360604432,no,-,-,-,-,0.124720,8.017953,0.661168,2,1,5041,-1441,7.500000,2.201900,15900,yes
248,SELL,0.619812,21:07:23.360604432,no,-,-,-,-,0.113382,8.819749,0.661168,2,1,5045,-1445,7.500000,2.200100,15900,yes
