轮数,方向,预测值,算法开始时间,是否下单,下单价格,档位,下单量,下单耗时(从预测到下单),r1,r2,std,freq,qty_scalar,经过时间,剩余时间,目标速度,实际速度,剩余量,是否为最后一轮
1,BUY,0.239780,21:07:23.365438732,no,-,-,-,-,0.909091,1.100000,1.017578,2,1,332,3268,1.250000,0.000000,4500,no
2,BUY,0.291742,21:07:23.365438732,no,-,-,-,-,0.826446,1.210000,1.017578,2,1,335,3265,1.250000,0.000000,4500,no
3,BUY,0.038562,21:07:23.365438732,no,-,-,-,-,0.751315,1.331000,1.017578,2,1,339,3261,1.250000,0.000000,4500,no
4,BUY,-0.050185,21:07:23.365438732,no,-,-,-,-,0.683013,1.464100,1.017578,2,1,343,3257,1.250000,0.000000,4500,no
5,BUY,-0.238473,21:07:23.365438732,no,-,-,-,-,0.620921,1.610510,1.017578,2,1,347,3253,1.250000,0.000000,4500,no
6,BUY,-0.150244,21:07:23.365438732,no,-,-,-,-,0.564474,1.771561,1.017578,2,1,351,3249,1.250000,0.000000,4500,no
7,BUY,-0.222235,21:07:23.365438732,no,-,-,-,-,0.513158,1.948717,1.017578,2,1,355,3245,1.250000,0.000000,4500,no
8,BUY,-0.290654,21:07:23.365438732,no,-,-,-,-,0.466507,2.143589,1.017578,2,1,359,3241,1.250000,0.000000,4500,no
9,BUY,-0.429393,21:07:23.365438732,no,-,-,-,-,0.424098,2.357948,1.017578,2,1,363,3237,1.250000,0.000000,4500,no
10,BUY,-0.698343,21:07:23.365438732,no,-,-,-,-,0.385543,2.593742,1.017578,2,1,367,3233,1.250000,0.000000,4500,no
11,BUY,-0.224234,21:07:23.365438732,no,-,-,-,-,0.350494,2.853117,1.017578,2,1,369,3231,1.250000,0.000000,4500,no
12,BUY,1.060263,21:07:23.365438732,yes,20.810000,ask1,300,00:00:00.000042163,0.318631,3.138428,1.017578,2,1,373,3227,1.250000,0.804200,4200,no
13,BUY,0.345435,21:07:23.365438732,yes,20.820000,ask1,300,00:00:00.000046313,0.289664,3.452271,1.017578,2,1,376,3224,1.250000,1.595700,3900,no
14,BUY,0.125798,21:07:23.365438732,no,-,-,-,-,0.289664,3.452271,1.017578,2,1,381,3219,1.250000,1.574800,3900,no
15,BUY,-0.510683,21:07:23.365438732,no,-,-,-,-,0.289664,3.452271,1.017578,2,1,387,3213,1.250000,1.550300,3900,no
16,BUY,-0.557252,21:07:23.365438732,no,-,-,-,-,0.289664,3.452271,1.017578,2,1,392,3208,1.250000,1.530600,3900,no
17,BUY,-0.244680,21:07:23.365438732,no,-,-,-,-,0.289664,3.452271,1.017578,2,1,396,3204,1.250000,1.515100,3900,no
18,BUY,-0.246264,21:07:23.365438732,no,-,-,-,-,0.289664,3.452271,1.017578,2,1,399,3201,1.250000,1.503700,3900,no
19,BUY,-0.720727,21:07:23.365438732,no,-,-,-,-,0.289664,3.452271,1.017578,2,1,402,3198,1.250000,1.492500,3900,no
20,BUY,-0.799781,21:07:23.365438732,no,-,-,-,-,0.289664,3.452271,1.017578,2,1,406,3194,1.250000,1.477800,3900,no
21,BUY,-0.421626,21:07:23.365438732,no,-,-,-,-,0.289664,3.452271,1.017578,2,1,409,3191,1.250000,1.466900,3900,no
22,BUY,-0.563097,21:07:23.365438732,no,-,-,-,-,0.289664,3.452271,1.017578,2,1,412,3188,1.250000,1.456300,3900,no
23,BUY,-0.519736,21:07:23.365438732,no,-,-,-,-,0.289664,3.452271,1.017578,2,1,416,3184,1.250000,1.442300,3900,no
24,BUY,-0.033249,21:07:23.365438732,no,-,-,-,-,0.289664,3.452271,1.017578,2,1,422,3178,1.250000,1.421800,3900,no
25,BUY,-0.187902,21:07:23.365438732,no,-,-,-,-,0.289664,3.452271,1.017578,2,1,427,3173,1.250000,1.405100,3900,no
26,BUY,-0.223488,21:07:23.365438732,no,-,-,-,-,0.289664,3.452271,1.017578,2,1,432,3168,1.250000,1.388800,3900,no
27,BUY,-0.421549,21:07:23.365438732,no,-,-,-,-,0.289664,3.452271,1.017578,2,1,438,3162,1.250000,1.369800,3900,no
28,BUY,-0.500962,21:07:23.365438732,no,-,-,-,-,0.289664,3.452271,1.017578,2,1,441,3159,1.250000,1.360500,3900,no
29,BUY,-0.441575,21:07:23.365438732,no,-,-,-,-,0.289664,3.452271,1.017578,2,1,444,3156,1.250000,1.351300,3900,no
30,BUY,-0.002076,21:07:23.365438732,no,-,-,-,-,0.289664,3.452271,1.017578,2,1,448,3152,1.250000,1.339200,3900,no
31,BUY,0.140882,21:07:23.365438732,no,-,-,-,-,0.289664,3.452271,1.017578,2,1,451,3149,1.250000,1.330300,3900,no
32,BUY,0.523237,21:07:23.365438732,yes,20.820000,ask1,300,00:00:00.000043857,0.289664,3.452271,1.017578,2,1,457,3143,1.250000,1.969300,3600,no
33,BUY,0.201112,21:07:23.365438732,no,-,-,-,-,0.289664,3.452271,1.017578,2,1,460,3140,1.250000,1.956500,3600,no
34,BUY,0.476909,21:07:23.365438732,yes,20.820000,ask1,300,00:00:00.000036639,0.289664,3.452271,1.017578,2,1,464,3136,1.250000,2.586200,3300,no
35,BUY,1.063007,21:07:23.365438732,yes,20.820000,ask1,300,00:00:00.000041141,0.318631,3.138428,1.017578,2,1,466,3134,1.250000,3.218800,3000,no
36,BUY,0.825010,21:07:23.365438732,yes,20.820000,ask1,200,00:00:00.000037448,0.350494,2.853117,1.017578,2,1,471,3129,1.250000,3.609300,2800,no
37,BUY,0.741472,21:07:23.365438732,yes,20.820000,ask1,200,00:00:00.000038935,0.385543,2.593742,1.017578,2,1,474,3126,1.250000,4.008400,2600,no
38,BUY,0.739013,21:07:23.365438732,yes,20.820000,ask1,200,00:00:00.000046353,0.424098,2.357948,1.017578,2,1,480,3120,1.250000,4.375000,2400,no
39,BUY,0.265673,21:07:23.365438732,no,-,-,-,-,0.466507,2.143589,1.017578,2,1,482,3118,1.250000,4.356800,2400,no
40,BUY,0.479557,21:07:23.365438732,no,-,-,-,-,0.513158,1.948717,1.017578,2,1,487,3113,1.250000,4.312100,2400,no
41,BUY,0.652152,21:07:23.365438732,yes,20.829900,ask1,100,00:00:00.000037404,0.564474,1.771561,1.017578,2,1,490,3110,1.250000,4.489700,2300,no
42,BUY,0.698980,21:07:23.365438732,yes,20.829900,ask1,100,00:00:00.000044574,0.620921,1.610510,1.017578,2,1,495,3105,1.250000,4.646400,2200,no
43,BUY,0.477111,21:07:23.365438732,no,-,-,-,-,0.683013,1.464100,1.017578,2,1,501,3099,1.250000,4.590800,2200,no
44,BUY,0.310432,21:07:23.365438732,no,-,-,-,-,0.751315,1.331000,1.017578,2,1,504,3096,1.250000,4.563400,2200,no
45,BUY,0.285956,21:07:23.365438732,no,-,-,-,-,0.826446,1.210000,1.017578,2,1,509,3091,1.250000,4.518600,2200,no
46,BUY,0.363279,21:07:23.365438732,no,-,-,-,-,0.909091,1.100000,1.017578,2,1,513,3087,1.250000,4.483400,2200,no
47,BUY,0.392930,21:07:23.365438732,no,-,-,-,-,1.000000,1.000000,1.017578,2,1,517,3083,1.250000,4.448700,2200,no
48,BUY,1.073905,21:07:23.365438732,no,-,-,-,-,1.100000,0.909091,1.017578,2,1,522,3078,1.250000,4.406100,2200,no
49,BUY,0.953581,21:07:23.365438732,no,-,-,-,-,1.210000,0.826446,1.017578,2,1,527,3073,1.250000,4.364300,2200,no
50,BUY,1.058759,21:07:23.365438732,no,-,-,-,-,1.331000,0.751315,1.017578,2,1,530,3070,1.250000,4.339600,2200,no
51,BUY,1.137749,21:07:23.365438732,no,-,-,-,-,1.464100,0.683013,1.017578,2,1,534,3066,1.250000,4.307100,2200,no
52,BUY,1.033119,21:07:23.365438732,no,-,-,-,-,1.610510,0.620921,1.017578,2,1,539,3061,1.250000,4.267100,2200,no
53,BUY,0.329104,21:07:23.365438732,no,-,-,-,-,1.771561,0.564474,1.017578,2,1,545,3055,1.250000,4.220100,2200,no
54,BUY,0.566002,21:07:23.365438732,no,-,-,-,-,1.948717,0.513158,1.017578,2,1,553,3047,1.250000,4.159100,2200,no
55,BUY,0.298966,21:07:23.365438732,no,-,-,-,-,2.143589,0.466507,1.017578,2,1,557,3043,1.250000,4.129200,2200,no
56,BUY,0.158735,21:07:23.365438732,no,-,-,-,-,2.357948,0.424098,1.017578,2,1,562,3038,1.250000,4.092500,2200,no
57,BUY,-0.039982,21:07:23.365438732,no,-,-,-,-,2.593742,0.385543,1.017578,2,1,567,3033,1.250000,4.056400,2200,no
58,BUY,0.405462,21:07:23.365438732,no,-,-,-,-,2.853117,0.350494,1.017578,2,1,571,3029,1.250000,4.028000,2200,no
59,BUY,0.298654,21:07:23.365438732,no,-,-,-,-,3.138428,0.318631,1.017578,2,1,576,3024,1.250000,3.993000,2200,no
60,BUY,0.251047,21:07:23.365438732,no,-,-,-,-,3.452271,0.289664,1.017578,2,1,578,3022,1.250000,3.979200,2200,no
61,BUY,0.989635,21:07:23.365438732,no,-,-,-,-,3.797498,0.263331,1.017578,2,1,583,3017,1.250000,3.945100,2200,no
62,BUY,1.520517,21:07:23.365438732,no,-,-,-,-,4.177248,0.239392,1.017578,2,1,587,3013,1.250000,3.918200,2200,no
63,BUY,1.669503,21:07:23.365438732,no,-,-,-,-,4.594973,0.217629,1.017578,2,1,591,3009,1.250000,3.891700,2200,no
64,BUY,1.414850,21:07:23.365438732,no,-,-,-,-,5.054470,0.197845,1.017578,2,1,595,3005,1.250000,3.865500,2200,no
65,BUY,1.151334,21:07:23.365438732,no,-,-,-,-,5.559917,0.179859,1.017578,2,1,600,3000,1.250000,3.833300,2200,no
66,BUY,1.222493,21:07:23.365438732,no,-,-,-,-,6.115909,0.163508,1.017578,2,1,604,2996,1.250000,3.807900,2200,no
67,BUY,1.188494,21:07:23.365438732,no,-,-,-,-,6.727500,0.148644,1.017578,2,1,607,2993,1.250000,3.789100,2200,no
68,BUY,0.626020,21:07:23.365438732,no,-,-,-,-,7.400250,0.135131,1.017578,2,1,610,2990,1.250000,3.770400,2200,no
69,BUY,0.838187,21:07:23.365438732,no,-,-,-,-,8.140275,0.122846,1.017578,2,1,614,2986,1.250000,3.745900,2200,no
70,BUY,0.573591,21:07:23.365438732,no,-,-,-,-,8.954302,0.111678,1.017578,2,1,618,2982,1.250000,3.721600,2200,no
71,BUY,0.985534,21:07:23.365438732,no,-,-,-,-,9.849733,0.101526,1.017578,2,1,621,2979,1.250000,3.703700,2200,no
72,BUY,0.799771,21:07:23.365438732,no,-,-,-,-,10.000000,0.100000,1.017578,2,1,625,2975,1.250000,3.680000,2200,no
73,BUY,0.641075,21:07:23.365438732,no,-,-,-,-,10.000000,0.100000,1.017578,2,1,630,2970,1.250000,3.650700,2200,no
74,BUY,0.217161,21:07:23.365438732,no,-,-,-,-,10.000000,0.100000,1.017578,2,1,633,2967,1.250000,3.633400,2200,no
75,BUY,0.600017,21:07:23.365438732,no,-,-,-,-,10.000000,0.100000,1.017578,2,1,637,2963,1.250000,3.610600,2200,no
76,BUY,0.198754,21:07:23.365438732,no,-,-,-,-,10.000000,0.100000,1.017578,2,1,640,2960,1.250000,3.593700,2200,no
77,BUY,0.717389,21:07:23.365438732,no,-,-,-,-,10.000000,0.100000,1.017578,2,1,642,2958,1.250000,3.582500,2200,no
78,BUY,0.673329,21:07:23.365438732,no,-,-,-,-,10.000000,0.100000,1.017578,2,1,644,2956,1.250000,3.571400,2200,no
79,BUY,0.504403,21:07:23.365438732,no,-,-,-,-,10.000000,0.100000,1.017578,2,1,648,2952,1.250000,3.549300,2200,no
80,BUY,0.661998,21:07:23.365438732,no,-,-,-,-,10.000000,0.100000,1.017578,2,1,651,2949,1.250000,3.533000,2200,no
81,BUY,0.491377,21:07:23.365438732,no,-,-,-,-,10.000000,0.100000,1.017578,2,1,655,2945,1.250000,3.511400,2200,no
82,BUY,0.804886,21:07:23.365438732,no,-,-,-,-,10.000000,0.100000,1.017578,2,1,658,2942,1.250000,3.495400,2200,no
83,BUY,0.523812,21:07:23.365438732,no,-,-,-,-,10.000000,0.100000,1.017578,2,1,663,2937,1.250000,3.469000,2200,no
84,BUY,0.811921,21:07:23.365438732,no,-,-,-,-,10.000000,0.100000,1.017578,2,1,667,2933,1.250000,3.448200,2200,no
85,BUY,0.794534,21:07:23.365438732,no,-,-,-,-,10.000000,0.100000,1.017578,2,1,670,2930,1.250000,3.432800,2200,no
86,BUY,0.856035,21:07:23.365438732,no,-,-,-,-,10.000000,0.100000,1.017578,2,1,673,2927,1.250000,3.417500,2200,no
87,BUY,0.736643,21:07:23.365438732,no,-,-,-,-,10.000000,0.100000,1.017578,2,1,677,2923,1.250000,3.397300,2200,no
88,BUY,0.253573,21:07:23.365438732,no,-,-,-,-,10.000000,0.100000,1.017578,2,1,680,2920,1.250000,3.382300,2200,no
89,BUY,0.324454,21:07:23.365438732,no,-,-,-,-,10.000000,0.100000,1.017578,2,1,687,2913,1.250000,3.347800,2200,no
90,BUY,0.809387,21:07:23.365438732,no,-,-,-,-,10.000000,0.100000,1.017578,2,1,690,2910,1.250000,3.333300,2200,no
91,BUY,0.595238,21:07:23.365438732,no,-,-,-,-,10.000000,0.100000,1.017578,2,1,694,2906,1.250000,3.314100,2200,no
92,BUY,0.634679,21:07:23.365438732,no,-,-,-,-,10.000000,0.100000,1.017578,2,1,697,2903,1.250000,3.299800,2200,no
93,BUY,0.619036,21:07:23.365438732,no,-,-,-,-,10.000000,0.100000,1.017578,2,1,702,2898,1.250000,3.276300,2200,no
94,BUY,0.547535,21:07:23.365438732,no,-,-,-,-,10.000000,0.100000,1.017578,2,1,707,2893,1.250000,3.253100,2200,no
95,BUY,0.658862,21:07:23.365438732,no,-,-,-,-,10.000000,0.100000,1.017578,2,1,711,2889,1.250000,3.234800,2200,no
96,BUY,0.349577,21:07:23.365438732,no,-,-,-,-,10.000000,0.100000,1.017578,2,1,714,2886,1.250000,3.221200,2200,no
97,BUY,0.668626,21:07:23.365438732,no,-,-,-,-,10.000000,0.100000,1.017578,2,1,716,2884,1.250000,3.212200,2200,no
98,BUY,0.416553,21:07:23.365438732,no,-,-,-,-,10.000000,0.100000,1.017578,2,1,719,2881,1.250000,3.198800,2200,no
99,BUY,0.155885,21:07:23.365438732,no,-,-,-,-,10.000000,0.100000,1.017578,2,1,722,2878,1.250000,3.185500,2200,no
100,BUY,0.950446,21:07:23.365438732,no,-,-,-,-,10.000000,0.100000,1.017578,2,1,726,2874,1.250000,3.168000,2200,no
101,BUY,0.899827,21:07:23.365438732,no,-,-,-,-,10.000000,0.100000,1.017578,2,1,729,2871,1.250000,3.155000,2200,no
102,BUY,0.575274,21:07:23.365438732,no,-,-,-,-,10.000000,0.100000,1.017578,2,1,733,2867,1.250000,3.137700,2200,no
103,BUY,0.805117,21:07:23.365438732,no,-,-,-,-,10.000000,0.100000,1.017578,2,1,738,2862,1.250000,3.116500,2200,no
104,BUY,1.353203,21:07:23.365438732,no,-,-,-,-,10.000000,0.100000,1.017578,2,1,743,2857,1.250000,3.095500,2200,no
105,BUY,1.535364,21:07:23.365438732,no,-,-,-,-,10.000000,0.100000,1.017578,2,1,750,2850,1.250000,3.066600,2200,no
106,BUY,0.991248,21:07:23.365438732,no,-,-,-,-,10.000000,0.100000,1.017578,2,1,756,2844,1.250000,3.042300,2200,no
107,BUY,0.517870,21:07:23.365438732,no,-,-,-,-,10.000000,0.100000,1.017578,2,1,759,2841,1.250000,3.030300,2200,no
108,BUY,0.843800,21:07:23.365438732,no,-,-,-,-,10.000000,0.100000,1.017578,2,1,764,2836,1.250000,3.010400,2200,no
109,BUY,-0.096789,21:07:23.365438732,no,-,-,-,-,10.000000,0.100000,1.017578,2,1,767,2833,1.250000,2.998600,2200,no
110,BUY,-0.088872,21:07:23.365438732,no,-,-,-,-,10.000000,0.100000,1.017578,2,1,771,2829,1.250000,2.983100,2200,no
111,BUY,-0.080961,21:07:23.365438732,no,-,-,-,-,10.000000,0.100000,1.017578,2,1,774,2826,1.250000,2.971500,2200,no
112,BUY,0.099920,21:07:23.365438732,no,-,-,-,-,10.000000,0.100000,1.017578,2,1,777,2823,1.250000,2.960100,2200,no
113,BUY,0.242876,21:07:23.365438732,no,-,-,-,-,10.000000,0.100000,1.017578,2,1,781,2819,1.250000,2.944900,2200,no
114,BUY,0.941094,21:07:23.365438732,no,-,-,-,-,10.000000,0.100000,1.017578,2,1,785,2815,1.250000,2.929900,2200,no
115,BUY,0.333093,21:07:23.365438732,no,-,-,-,-,10.000000,0.100000,1.017578,2,1,787,2813,1.250000,2.922400,2200,no
116,BUY,0.080476,21:07:23.365438732,no,-,-,-,-,10.000000,0.100000,1.017578,2,1,789,2811,1.250000,2.915000,2200,no
117,BUY,-0.218874,21:07:23.365438732,no,-,-,-,-,10.000000,0.100000,1.017578,2,1,792,2808,1.250000,2.904000,2200,no
118,BUY,-0.473266,21:07:23.365438732,no,-,-,-,-,10.000000,0.100000,1.017578,2,1,796,2804,1.250000,2.889400,2200,no
119,BUY,-0.273544,21:07:23.365438732,no,-,-,-,-,10.000000,0.100000,1.017578,2,1,799,2801,1.250000,2.878500,2200,no
120,BUY,-0.237087,21:07:23.365438732,no,-,-,-,-,10.000000,0.100000,1.017578,2,1,803,2797,1.250000,2.864200,2200,no
121,BUY,-0.291041,21:07:23.365438732,no,-,-,-,-,10.000000,0.100000,1.017578,2,1,807,2793,1.250000,2.850000,2200,no
122,BUY,0.277200,21:07:23.365438732,no,-,-,-,-,10.000000,0.100000,1.017578,2,1,810,2790,1.250000,2.839500,2200,no
123,BUY,-0.080490,21:07:23.365438732,no,-,-,-,-,10.000000,0.100000,1.017578,2,1,814,2786,1.250000,2.825500,2200,no
124,BUY,-0.379586,21:07:23.365438732,no,-,-,-,-,10.000000,0.100000,1.017578,2,1,819,2781,1.250000,2.808300,2200,no
125,BUY,-0.103343,21:07:23.365438732,no,-,-,-,-,10.000000,0.100000,1.017578,2,1,821,2779,1.250000,2.801400,2200,no
126,BUY,-0.089542,21:07:23.365438732,no,-,-,-,-,10.000000,0.100000,1.017578,2,1,825,2775,1.250000,2.787800,2200,no
127,BUY,-0.350004,21:07:23.365438732,no,-,-,-,-,10.000000,0.100000,1.017578,2,1,828,2772,1.250000,2.777700,2200,no
128,BUY,-0.022504,21:07:23.365438732,no,-,-,-,-,10.000000,0.100000,1.017578,2,1,832,2768,1.250000,2.764400,2200,no
129,BUY,0.202632,21:07:23.365438732,no,-,-,-,-,10.000000,0.100000,1.017578,2,1,835,2765,1.250000,2.754400,2200,no
130,BUY,-0.084505,21:07:23.365438732,no,-,-,-,-,10.000000,0.100000,1.017578,2,1,838,2762,1.250000,2.744600,2200,no
131,BUY,-0.497204,21:07:23.365438732,no,-,-,-,-,10.000000,0.100000,1.017578,2,1,841,2759,1.250000,2.734800,2200,no
132,BUY,-0.508953,21:07:23.365438732,no,-,-,-,-,10.000000,0.100000,1.017578,2,1,844,2756,1.250000,2.725100,2200,no
133,BUY,-0.181356,21:07:23.365438732,no,-,-,-,-,10.000000,0.100000,1.017578,2,1,848,2752,1.250000,2.712200,2200,no
134,BUY,-0.182093,21:07:23.365438732,no,-,-,-,-,10.000000,0.100000,1.017578,2,1,851,2749,1.250000,2.702700,2200,no
135,BUY,-0.533641,21:07:23.365438732,no,-,-,-,-,10.000000,0.100000,1.017578,2,1,854,2746,1.250000,2.693200,2200,no
136,BUY,-0.366324,21:07:23.365438732,no,-,-,-,-,10.000000,0.100000,1.017578,2,1,858,2742,1.250000,2.680600,2200,no
137,BUY,-0.308118,21:07:23.365438732,no,-,-,-,-,10.000000,0.100000,1.017578,2,1,860,2740,1.250000,2.674400,2200,no
138,BUY,-0.518119,21:07:23.365438732,no,-,-,-,-,10.000000,0.100000,1.017578,2,1,863,2737,1.250000,2.665100,2200,no
139,BUY,-0.752209,21:07:23.365438732,no,-,-,-,-,10.000000,0.100000,1.017578,2,1,867,2733,1.250000,2.652800,2200,no
140,BUY,0.118473,21:07:23.365438732,no,-,-,-,-,10.000000,0.100000,1.017578,2,1,871,2729,1.250000,2.640600,2200,no
141,BUY,-0.173843,21:07:23.365438732,no,-,-,-,-,10.000000,0.100000,1.017578,2,1,876,2724,1.250000,2.625500,2200,no
142,BUY,-0.193600,21:07:23.365438732,no,-,-,-,-,10.000000,0.100000,1.017578,2,1,878,2722,1.250000,2.619500,2200,no
143,BUY,-0.357653,21:07:23.365438732,no,-,-,-,-,10.000000,0.100000,1.017578,2,1,882,2718,1.250000,2.607700,2200,no
144,BUY,-0.077614,21:07:23.365438732,no,-,-,-,-,10.000000,0.100000,1.017578,2,1,884,2716,1.250000,2.601800,2200,no
145,BUY,-0.279529,21:07:23.365438732,no,-,-,-,-,10.000000,0.100000,1.017578,2,1,888,2712,1.250000,2.590000,2200,no
146,BUY,-0.215761,21:07:23.365438732,no,-,-,-,-,10.000000,0.100000,1.017578,2,1,892,2708,1.250000,2.578400,2200,no
147,BUY,-0.683084,21:07:23.365438732,no,-,-,-,-,10.000000,0.100000,1.017578,2,1,898,2702,1.250000,2.561200,2200,no
148,BUY,-0.984108,21:07:23.365438732,no,-,-,-,-,10.000000,0.100000,1.017578,2,1,902,2698,1.250000,2.549800,2200,no
149,BUY,-0.674997,21:07:23.365438732,no,-,-,-,-,10.000000,0.100000,1.017578,2,1,905,2695,1.250000,2.541400,2200,no
150,BUY,-0.691909,21:07:23.365438732,no,-,-,-,-,10.000000,0.100000,1.017578,2,1,908,2692,1.250000,2.533000,2200,no
151,BUY,-0.708982,21:07:23.365438732,no,-,-,-,-,10.000000,0.100000,1.017578,2,1,910,2690,1.250000,2.527400,2200,no
152,BUY,-0.083701,21:07:23.365438732,no,-,-,-,-,10.000000,0.100000,1.017578,2,1,1190,2410,1.250000,1.932700,2200,no
153,BUY,-0.111565,21:07:23.365438732,no,-,-,-,-,10.000000,0.100000,1.017578,2,1,1194,2406,1.250000,1.926200,2200,no
154,BUY,-0.259574,21:07:23.365438732,no,-,-,-,-,10.000000,0.100000,1.017578,2,1,1198,2402,1.250000,1.919800,2200,no
155,BUY,-0.234386,21:07:23.365438732,no,-,-,-,-,10.000000,0.100000,1.017578,2,1,1201,2399,1.250000,1.915000,2200,no
156,BUY,-0.770893,21:07:23.365438732,no,-,-,-,-,10.000000,0.100000,1.017578,2,1,1206,2394,1.250000,1.907100,2200,no
157,BUY,-0.213725,21:07:23.365438732,no,-,-,-,-,10.000000,0.100000,1.017578,2,1,1213,2387,1.250000,1.896100,2200,no
158,BUY,-0.286248,21:07:23.365438732,no,-,-,-,-,10.000000,0.100000,1.017578,2,1,1219,2381,1.250000,1.886700,2200,no
159,BUY,-0.296905,21:07:23.365438732,no,-,-,-,-,10.000000,0.100000,1.017578,2,1,1225,2375,1.250000,1.877500,2200,no
160,BUY,-0.322132,21:07:23.365438732,no,-,-,-,-,10.000000,0.100000,1.017578,2,1,1231,2369,1.250000,1.868300,2200,no
161,BUY,-0.233871,21:07:23.365438732,no,-,-,-,-,10.000000,0.100000,1.017578,2,1,1234,2366,1.250000,1.863800,2200,no
162,BUY,0.042177,21:07:23.365438732,no,-,-,-,-,10.000000,0.100000,1.017578,2,1,1237,2363,1.250000,1.859300,2200,no
163,BUY,0.431891,21:07:23.365438732,no,-,-,-,-,10.000000,0.100000,1.017578,2,1,1242,2358,1.250000,1.851800,2200,no
164,BUY,0.064796,21:07:23.365438732,no,-,-,-,-,10.000000,0.100000,1.017578,2,1,1247,2353,1.250000,1.844400,2200,no
165,BUY,0.186178,21:07:23.365438732,no,-,-,-,-,10.000000,0.100000,1.017578,2,1,1251,2349,1.250000,1.838500,2200,no
166,BUY,0.345392,21:07:23.365438732,no,-,-,-,-,10.000000,0.100000,1.017578,2,1,1255,2345,1.250000,1.832600,2200,no
167,BUY,0.423282,21:07:23.365438732,no,-,-,-,-,10.000000,0.100000,1.017578,2,1,1259,2341,1.250000,1.826800,2200,no
168,BUY,0.440722,21:07:23.365438732,no,-,-,-,-,10.000000,0.100000,1.017578,2,1,1264,2336,1.250000,1.819600,2200,no
169,BUY,0.657039,21:07:23.365438732,no,-,-,-,-,10.000000,0.100000,1.017578,2,1,1268,2332,1.250000,1.813800,2200,no
170,BUY,0.471204,21:07:23.365438732,no,-,-,-,-,10.000000,0.100000,1.017578,2,1,1271,2329,1.250000,1.809500,2200,no
171,BUY,0.674209,21:07:23.365438732,no,-,-,-,-,10.000000,0.100000,1.017578,2,1,1275,2325,1.250000,1.803900,2200,no
172,BUY,0.463675,21:07:23.365438732,no,-,-,-,-,10.000000,0.100000,1.017578,2,1,1278,2322,1.250000,1.799600,2200,no
173,BUY,0.309666,21:07:23.365438732,no,-,-,-,-,10.000000,0.100000,1.017578,2,1,1287,2313,1.250000,1.787100,2200,no
174,BUY,0.530713,21:07:23.365438732,no,-,-,-,-,10.000000,0.100000,1.017578,2,1,1291,2309,1.250000,1.781500,2200,no
175,BUY,0.485860,21:07:23.365438732,no,-,-,-,-,10.000000,0.100000,1.017578,2,1,1297,2303,1.250000,1.773300,2200,no
176,BUY,0.510711,21:07:23.365438732,no,-,-,-,-,10.000000,0.100000,1.017578,2,1,1299,2301,1.250000,1.770500,2200,no
177,BUY,0.977840,21:07:23.365438732,no,-,-,-,-,10.000000,0.100000,1.017578,2,1,1304,2296,1.250000,1.763800,2200,no
178,BUY,1.373785,21:07:23.365438732,no,-,-,-,-,10.000000,0.100000,1.017578,2,1,1308,2292,1.250000,1.758400,2200,no
179,BUY,0.796787,21:07:23.365438732,no,-,-,-,-,10.000000,0.100000,1.017578,2,1,1312,2288,1.250000,1.753000,2200,no
180,BUY,0.686164,21:07:23.365438732,no,-,-,-,-,10.000000,0.100000,1.017578,2,1,1316,2284,1.250000,1.747700,2200,no
181,BUY,0.869776,21:07:23.365438732,no,-,-,-,-,10.000000,0.100000,1.017578,2,1,1320,2280,1.250000,1.742400,2200,no
182,BUY,0.791501,21:07:23.365438732,no,-,-,-,-,10.000000,0.100000,1.017578,2,1,1325,2275,1.250000,1.735800,2200,no
183,BUY,0.904138,21:07:23.365438732,no,-,-,-,-,10.000000,0.100000,1.017578,2,1,1330,2270,1.250000,1.729300,2200,no
184,BUY,0.694809,21:07:23.365438732,no,-,-,-,-,10.000000,0.100000,1.017578,2,1,1335,2265,1.250000,1.722800,2200,no
185,BUY,0.113431,21:07:23.365438732,no,-,-,-,-,10.000000,0.100000,1.017578,2,1,1338,2262,1.250000,1.718900,2200,no
186,BUY,0.090190,21:07:23.365438732,no,-,-,-,-,10.000000,0.100000,1.017578,2,1,1342,2258,1.250000,1.713800,2200,no
187,BUY,-0.034164,21:07:23.365438732,no,-,-,-,-,10.000000,0.100000,1.017578,2,1,1347,2253,1.250000,1.707400,2200,no
188,BUY,-0.093577,21:07:23.365438732,no,-,-,-,-,10.000000,0.100000,1.017578,2,1,1351,2249,1.250000,1.702400,2200,no
189,BUY,0.949834,21:07:23.365438732,no,-,-,-,-,10.000000,0.100000,1.017578,2,1,1355,2245,1.250000,1.697400,2200,no
190,BUY,0.911877,21:07:23.365438732,no,-,-,-,-,10.000000,0.100000,1.017578,2,1,1358,2242,1.250000,1.693600,2200,no
191,BUY,1.020034,21:07:23.365438732,no,-,-,-,-,10.000000,0.100000,1.017578,2,1,1361,2239,1.250000,1.689900,2200,no
192,BUY,0.050086,21:07:23.365438732,no,-,-,-,-,10.000000,0.100000,1.017578,2,1,1365,2235,1.250000,1.684900,2200,no
193,BUY,-0.029921,21:07:23.365438732,no,-,-,-,-,10.000000,0.100000,1.017578,2,1,1369,2231,1.250000,1.680000,2200,no
194,BUY,-0.068859,21:07:23.365438732,no,-,-,-,-,10.000000,0.100000,1.017578,2,1,1375,2225,1.250000,1.672700,2200,no
195,BUY,0.351485,21:07:23.365438732,no,-,-,-,-,10.000000,0.100000,1.017578,2,1,1422,2178,1.250000,1.617400,2200,no
196,BUY,0.333881,21:07:23.365438732,no,-,-,-,-,10.000000,0.100000,1.017578,2,1,1428,2172,1.250000,1.610600,2200,no
197,BUY,0.380336,21:07:23.365438732,no,-,-,-,-,10.000000,0.100000,1.017578,2,1,1490,2110,1.250000,1.543600,2200,no
198,BUY,0.040246,21:07:23.365438732,no,-,-,-,-,10.000000,0.100000,1.017578,2,1,1494,2106,1.250000,1.539400,2200,no
199,BUY,0.463358,21:07:23.365438732,no,-,-,-,-,10.000000,0.100000,1.017578,2,1,1554,2046,1.250000,1.480000,2200,no
200,BUY,0.005273,21:07:23.365438732,no,-,-,-,-,10.000000,0.100000,1.017578,2,1,1560,2040,1.250000,1.474300,2200,no
201,BUY,0.014408,21:07:23.365438732,no,-,-,-,-,10.000000,0.100000,1.017578,2,1,1562,2038,1.250000,1.472400,2200,no
202,BUY,0.649297,21:07:23.365438732,no,-,-,-,-,10.000000,0.100000,1.017578,2,1,1565,2035,1.250000,1.469600,2200,no
203,BUY,0.111213,21:07:23.365438732,no,-,-,-,-,10.000000,0.100000,1.017578,2,1,1567,2033,1.250000,1.467700,2200,no
204,BUY,0.316901,21:07:23.365438732,no,-,-,-,-,10.000000,0.100000,1.017578,2,1,1572,2028,1.250000,1.463100,2200,no
205,BUY,-0.025204,21:07:23.365438732,no,-,-,-,-,10.000000,0.100000,1.017578,2,1,1577,2023,1.250000,1.458400,2200,no
206,BUY,-0.207478,21:07:23.365438732,no,-,-,-,-,10.000000,0.100000,1.017578,2,1,1580,2020,1.250000,1.455600,2200,no
207,BUY,-0.465591,21:07:23.365438732,no,-,-,-,-,10.000000,0.100000,1.017578,2,1,1584,2016,1.250000,1.452000,2200,no
208,BUY,-0.786520,21:07:23.365438732,no,-,-,-,-,10.000000,0.100000,1.017578,2,1,1587,2013,1.250000,1.449200,2200,no
209,BUY,-0.783453,21:07:23.365438732,no,-,-,-,-,10.000000,0.100000,1.017578,2,1,1593,2007,1.250000,1.443800,2200,no
210,BUY,-0.517430,21:07:23.365438732,no,-,-,-,-,10.000000,0.100000,1.017578,2,1,1617,1983,1.250000,1.422300,2200,no
211,BUY,-0.673101,21:07:23.365438732,no,-,-,-,-,10.000000,0.100000,1.017578,2,1,1620,1980,1.250000,1.419700,2200,no
212,BUY,-0.964147,21:07:23.365438732,no,-,-,-,-,10.000000,0.100000,1.017578,2,1,1626,1974,1.250000,1.414500,2200,no
213,BUY,-0.996611,21:07:23.365438732,no,-,-,-,-,10.000000,0.100000,1.017578,2,1,1635,1965,1.250000,1.406700,2200,no
214,BUY,-0.903905,21:07:23.365438732,no,-,-,-,-,10.000000,0.100000,1.017578,2,1,1638,1962,1.250000,1.404100,2200,no
215,BUY,-0.645765,21:07:23.365438732,no,-,-,-,-,10.000000,0.100000,1.017578,2,1,1648,1952,1.250000,1.395600,2200,no
216,BUY,-0.894793,21:07:23.365438732,no,-,-,-,-,10.000000,0.100000,1.017578,2,1,1653,1947,1.250000,1.391400,2200,no
217,BUY,-0.343733,21:07:23.365438732,no,-,-,-,-,10.000000,0.100000,1.017578,2,1,1657,1943,1.250000,1.388000,2200,no
218,BUY,1.571090,21:07:23.365438732,yes,20.590000,bid1,2200,00:00:00.000025162,9.090909,0.110000,1.017578,2,1,4926,-1326,1.250000,0.466900,2200,yes
219,BUY,0.897477,21:07:23.365438732,yes,20.590000,bid1,2200,00:00:00.000025946,8.264463,0.121000,1.017578,2,1,4930,-1330,1.250000,0.466500,2200,yes
220,BUY,1.391243,21:07:23.365438732,yes,20.590000,bid1,2200,00:00:00.000025625,7.513148,0.133100,1.017578,2,1,4935,-1335,1.250000,0.466000,2200,yes
221,BUY,1.449925,21:07:23.365438732,yes,20.590000,bid1,2200,00:00:00.000027160,6.830135,0.146410,1.017578,2,1,4938,-1338,1.250000,0.465700,2200,yes
222,BUY,1.338786,21:07:23.365438732,yes,20.590000,bid1,2200,00:00:00.000025863,6.209213,0.161051,1.017578,2,1,4942,-1342,1.250000,0.465300,2200,yes
223,BUY,1.258345,21:07:23.365438732,yes,20.590000,bid1,2200,00:00:00.000031832,5.644739,0.177156,1.017578,2,1,4946,-1346,1.250000,0.465000,2200,yes
224,BUY,0.603239,21:07:23.365438732,yes,20.590000,bid1,2200,00:00:00.000025738,5.131581,0.194872,1.017578,2,1,4949,-1349,1.250000,0.464700,2200,yes
225,BUY,1.525243,21:07:23.365438732,yes,20.590000,bid1,2200,00:00:00.000026571,4.665074,0.214359,1.017578,2,1,4953,-1353,1.250000,0.464300,2200,yes
226,BUY,1.870224,21:07:23.365438732,yes,20.590000,bid1,2200,00:00:00.000026889,4.240976,0.235795,1.017578,2,1,4957,-1357,1.250000,0.463900,2200,yes
227,BUY,1.784989,21:07:23.365438732,yes,20.590000,bid1,2200,00:00:00.000038238,3.855433,0.259374,1.017578,2,1,4960,-1360,1.250000,0.463700,2200,yes
228,BUY,1.769624,21:07:23.365438732,yes,20.590000,bid1,2200,00:00:00.000025888,3.504939,0.285312,1.017578,2,1,4965,-1365,1.250000,0.463200,2200,yes
229,BUY,1.841597,21:07:23.365438732,yes,20.590000,bid1,2200,00:00:00.000024602,3.186308,0.313843,1.017578,2,1,4968,-1368,1.250000,0.462900,2200,yes
230,BUY,1.762901,21:07:23.365438732,yes,20.590000,bid1,2200,00:00:00.000025996,2.896644,0.345227,1.017578,2,1,4972,-1372,1.250000,0.462500,2200,yes
231,BUY,1.314101,21:07:23.365438732,yes,20.590000,bid1,2200,00:00:00.000025625,2.633313,0.379750,1.017578,2,1,4977,-1377,1.250000,0.462100,2200,yes
232,BUY,2.637154,21:07:23.365438732,yes,20.599900,ask1,2200,00:00:00.000027257,2.393920,0.417725,1.017578,2,1,4981,-1381,1.250000,0.461700,2200,yes
233,BUY,2.120474,21:07:23.365438732,yes,20.590000,bid1,2200,00:00:00.000033689,2.176291,0.459497,1.017578,2,1,4984,-1384,1.250000,0.461400,2200,yes
234,BUY,2.018897,21:07:23.365438732,yes,20.599900,ask1,2200,00:00:00.000025995,1.978447,0.505447,1.017578,2,1,4990,-1390,1.250000,0.460900,2200,yes
235,BUY,2.356247,21:07:23.365438732,yes,20.599900,ask1,2200,00:00:00.000026682,1.798588,0.555992,1.017578,2,1,4994,-1394,1.250000,0.460500,2200,yes
236,BUY,2.160241,21:07:23.365438732,yes,20.599900,ask1,2200,00:00:00.000026311,1.635080,0.611591,1.017578,2,1,4998,-1398,1.250000,0.460100,2200,yes
237,BUY,1.624589,21:07:23.365438732,yes,20.599900,ask1,2200,00:00:00.000025618,1.486436,0.672750,1.017578,2,1,5007,-1407,1.250000,0.459300,2200,yes
238,BUY,0.988483,21:07:23.365438732,yes,20.590000,bid1,2200,00:00:00.000025306,1.351306,0.740025,1.017578,2,1,5030,-1430,1.250000,0.457200,2200,yes
239,BUY,1.099333,21:07:23.365438732,yes,20.590000,bid1,2200,00:00:00.000024865,1.228460,0.814027,1.017578,2,1,5032,-1432,1.250000,0.457000,2200,yes
240,BUY,1.021955,21:07:23.365438732,yes,20.590000,bid1,2200,00:00:00.000026014,1.116782,0.895430,1.017578,2,1,5035,-1435,1.250000,0.456800,2200,yes
241,BUY,0.870273,21:07:23.365438732,yes,20.590000,bid1,2200,00:00:00.000025375,1.015256,0.984973,1.017578,2,1,5038,-1438,1.250000,0.456500,2200,yes
242,BUY,1.345122,21:07:23.365438732,yes,20.599900,ask1,2200,00:00:00.000024678,0.922960,1.083471,1.017578,2,1,5045,-1445,1.250000,0.455800,2200,yes
243,BUY,0.937941,21:07:23.365438732,yes,20.599900,ask1,2200,00:00:00.000030642,0.839055,1.191818,1.017578,2,1,5049,-1449,1.250000,0.455500,2200,yes
