轮数,方向,预测值,算法开始时间,是否下单,下单价格,档位,下单量,下单耗时(从预测到下单),r1,r2,std,freq,qty_scalar,经过时间,剩余时间,目标速度,实际速度,剩余量,是否为最后一轮
1,SELL,0.467900,21:07:23.333322352,no,-,-,-,-,0.909091,1.100000,0.657810,2,1,332,3268,1.250000,0.000000,4500,no
2,SELL,0.788637,21:07:23.333322352,no,-,-,-,-,0.826446,1.210000,0.657810,2,1,335,3265,1.250000,0.000000,4500,no
3,SELL,0.799594,21:07:23.333322352,no,-,-,-,-,0.751315,1.331000,0.657810,2,1,339,3261,1.250000,0.000000,4500,no
4,SELL,1.110918,21:07:23.333322352,no,-,-,-,-,0.683013,1.464100,0.657810,2,1,343,3257,1.250000,0.000000,4500,no
5,SELL,1.059458,21:07:23.333322352,no,-,-,-,-,0.620921,1.610510,0.657810,2,1,347,3253,1.250000,0.000000,4500,no
6,SELL,0.774524,21:07:23.333322352,no,-,-,-,-,0.564474,1.771561,0.657810,2,1,351,3249,1.250000,0.000000,4500,no
7,SELL,0.098650,21:07:23.333322352,no,-,-,-,-,0.513158,1.948717,0.657810,2,1,355,3245,1.250000,0.000000,4500,no
8,SELL,1.781983,21:07:23.333322352,no,-,-,-,-,0.466507,2.143589,0.657810,2,1,359,3241,1.250000,0.000000,4500,no
9,SELL,1.689872,21:07:23.333322352,no,-,-,-,-,0.424098,2.357948,0.657810,2,1,363,3237,1.250000,0.000000,4500,no
10,SELL,0.889129,21:07:23.333322352,no,-,-,-,-,0.385543,2.593742,0.657810,2,1,367,3233,1.250000,0.000000,4500,no
11,SELL,0.517585,21:07:23.333322352,no,-,-,-,-,0.350494,2.853117,0.657810,2,1,370,3230,1.250000,0.000000,4500,no
12,SELL,0.368804,21:07:23.333322352,no,-,-,-,-,0.318631,3.138428,0.657810,2,1,373,3227,1.250000,0.000000,4500,no
13,SELL,0.671425,21:07:23.333322352,no,-,-,-,-,0.289664,3.452271,0.657810,2,1,376,3224,1.250000,0.000000,4500,no
14,SELL,0.601105,21:07:23.333322352,no,-,-,-,-,0.263331,3.797498,0.657810,2,1,381,3219,1.250000,0.000000,4500,no
15,SELL,0.425253,21:07:23.333322352,no,-,-,-,-,0.239392,4.177248,0.657810,2,1,383,3217,1.250000,0.000000,4500,no
16,SELL,0.146240,21:07:23.333322352,no,-,-,-,-,0.217629,4.594973,0.657810,2,1,387,3213,1.250000,0.000000,4500,no
17,SELL,-0.242114,21:07:23.333322352,no,-,-,-,-,0.197845,5.054470,0.657810,2,1,392,3208,1.250000,0.000000,4500,no
18,SELL,-0.419106,21:07:23.333322352,no,-,-,-,-,0.179859,5.559917,0.657810,2,1,396,3204,1.250000,0.000000,4500,no
19,SELL,-1.123481,21:07:23.333322352,no,-,-,-,-,0.163508,6.115909,0.657810,2,1,399,3201,1.250000,0.000000,4500,no
20,SELL,-0.648279,21:07:23.333322352,no,-,-,-,-,0.148644,6.727500,0.657810,2,1,402,3198,1.250000,0.000000,4500,no
21,SELL,-0.346610,21:07:23.333322352,no,-,-,-,-,0.135131,7.400250,0.657810,2,1,406,3194,1.250000,0.000000,4500,no
22,SELL,-0.373978,21:07:23.333322352,no,-,-,-,-,0.122846,8.140275,0.657810,2,1,409,3191,1.250000,0.000000,4500,no
23,SELL,-1.232057,21:07:23.333322352,no,-,-,-,-,0.111678,8.954302,0.657810,2,1,412,3188,1.250000,0.000000,4500,no
24,SELL,-0.713483,21:07:23.333322352,no,-,-,-,-,0.101526,9.849733,0.657810,2,1,417,3183,1.250000,0.000000,4500,no
25,SELL,-0.787357,21:07:23.333322352,no,-,-,-,-,0.100000,10.000000,0.657810,2,1,422,3178,1.250000,0.000000,4500,no
26,SELL,-0.696678,21:07:23.333322352,no,-,-,-,-,0.100000,10.000000,0.657810,2,1,427,3173,1.250000,0.000000,4500,no
27,SELL,-1.276384,21:07:23.333322352,no,-,-,-,-,0.100000,10.000000,0.657810,2,1,432,3168,1.250000,0.000000,4500,no
28,SELL,-0.642459,21:07:23.333322352,no,-,-,-,-,0.100000,10.000000,0.657810,2,1,438,3162,1.250000,0.000000,4500,no
29,SELL,-1.006835,21:07:23.333322352,no,-,-,-,-,0.100000,10.000000,0.657810,2,1,441,3159,1.250000,0.000000,4500,no
30,SELL,-0.786238,21:07:23.333322352,no,-,-,-,-,0.100000,10.000000,0.657810,2,1,445,3155,1.250000,0.000000,4500,no
31,SELL,-0.659778,21:07:23.333322352,no,-,-,-,-,0.100000,10.000000,0.657810,2,1,448,3152,1.250000,0.000000,4500,no
32,SELL,-0.116189,21:07:23.333322352,no,-,-,-,-,0.100000,10.000000,0.657810,2,1,451,3149,1.250000,0.000000,4500,no
33,SELL,0.278287,21:07:23.333322352,no,-,-,-,-,0.100000,10.000000,0.657810,2,1,457,3143,1.250000,0.000000,4500,no
34,SELL,0.128921,21:07:23.333322352,no,-,-,-,-,0.100000,10.000000,0.657810,2,1,460,3140,1.250000,0.000000,4500,no
35,SELL,0.084045,21:07:23.333322352,no,-,-,-,-,0.100000,10.000000,0.657810,2,1,464,3136,1.250000,0.000000,4500,no
36,SELL,-0.275554,21:07:23.333322352,no,-,-,-,-,0.100000,10.000000,0.657810,2,1,466,3134,1.250000,0.000000,4500,no
37,SELL,-0.021848,21:07:23.333322352,no,-,-,-,-,0.100000,10.000000,0.657810,2,1,471,3129,1.250000,0.000000,4500,no
38,SELL,-0.825493,21:07:23.333322352,no,-,-,-,-,0.100000,10.000000,0.657810,2,1,475,3125,1.250000,0.000000,4500,no
39,SELL,-1.226455,21:07:23.333322352,no,-,-,-,-,0.100000,10.000000,0.657810,2,1,480,3120,1.250000,0.000000,4500,no
40,SELL,-0.586678,21:07:23.333322352,no,-,-,-,-,0.100000,10.000000,0.657810,2,1,482,3118,1.250000,0.000000,4500,no
41,SELL,-0.746964,21:07:23.333322352,no,-,-,-,-,0.100000,10.000000,0.657810,2,1,487,3113,1.250000,0.000000,4500,no
42,SELL,-0.725958,21:07:23.333322352,no,-,-,-,-,0.100000,10.000000,0.657810,2,1,490,3110,1.250000,0.000000,4500,no
43,SELL,-0.581698,21:07:23.333322352,no,-,-,-,-,0.100000,10.000000,0.657810,2,1,495,3105,1.250000,0.000000,4500,no
44,SELL,-0.117775,21:07:23.333322352,no,-,-,-,-,0.100000,10.000000,0.657810,2,1,501,3099,1.250000,0.000000,4500,no
45,SELL,-0.616864,21:07:23.333322352,no,-,-,-,-,0.100000,10.000000,0.657810,2,1,505,3095,1.250000,0.000000,4500,no
46,SELL,-0.790724,21:07:23.333322352,no,-,-,-,-,0.100000,10.000000,0.657810,2,1,509,3091,1.250000,0.000000,4500,no
47,SELL,-0.672462,21:07:23.333322352,no,-,-,-,-,0.100000,10.000000,0.657810,2,1,513,3087,1.250000,0.000000,4500,no
48,SELL,-1.060416,21:07:23.333322352,no,-,-,-,-,0.100000,10.000000,0.657810,2,1,517,3083,1.250000,0.000000,4500,no
49,SELL,-0.892620,21:07:23.333322352,no,-,-,-,-,0.100000,10.000000,0.657810,2,1,522,3078,1.250000,0.000000,4500,no
50,SELL,-0.718442,21:07:23.333322352,no,-,-,-,-,0.100000,10.000000,0.657810,2,1,527,3073,1.250000,0.000000,4500,no
51,SELL,-0.797399,21:07:23.333322352,no,-,-,-,-,0.100000,10.000000,0.657810,2,1,530,3070,1.250000,0.000000,4500,no
52,SELL,-0.943485,21:07:23.333322352,no,-,-,-,-,0.100000,10.000000,0.657810,2,1,534,3066,1.250000,0.000000,4500,no
53,SELL,-1.057166,21:07:23.333322352,no,-,-,-,-,0.100000,10.000000,0.657810,2,1,539,3061,1.250000,0.000000,4500,no
54,SELL,-1.953585,21:07:23.333322352,no,-,-,-,-,0.100000,10.000000,0.657810,2,1,545,3055,1.250000,0.000000,4500,no
55,SELL,-1.930575,21:07:23.333322352,no,-,-,-,-,0.100000,10.000000,0.657810,2,1,553,3047,1.250000,0.000000,4500,no
56,SELL,-2.118500,21:07:23.333322352,no,-,-,-,-,0.100000,10.000000,0.657810,2,1,557,3043,1.250000,0.000000,4500,no
57,SELL,-1.716374,21:07:23.333322352,no,-,-,-,-,0.100000,10.000000,0.657810,2,1,562,3038,1.250000,0.000000,4500,no
58,SELL,-1.749902,21:07:23.333322352,no,-,-,-,-,0.100000,10.000000,0.657810,2,1,568,3032,1.250000,0.000000,4500,no
59,SELL,-1.710564,21:07:23.333322352,no,-,-,-,-,0.100000,10.000000,0.657810,2,1,571,3029,1.250000,0.000000,4500,no
60,SELL,-1.593085,21:07:23.333322352,no,-,-,-,-,0.100000,10.000000,0.657810,2,1,576,3024,1.250000,0.000000,4500,no
61,SELL,-0.628751,21:07:23.333322352,no,-,-,-,-,0.100000,10.000000,0.657810,2,1,578,3022,1.250000,0.000000,4500,no
62,SELL,-0.355307,21:07:23.333322352,no,-,-,-,-,0.100000,10.000000,0.657810,2,1,583,3017,1.250000,0.000000,4500,no
63,SELL,-0.124927,21:07:23.333322352,no,-,-,-,-,0.100000,10.000000,0.657810,2,1,587,3013,1.250000,0.000000,4500,no
64,SELL,-0.381240,21:07:23.333322352,no,-,-,-,-,0.100000,10.000000,0.657810,2,1,591,3009,1.250000,0.000000,4500,no
65,SELL,0.063892,21:07:23.333322352,no,-,-,-,-,0.100000,10.000000,0.657810,2,1,595,3005,1.250000,0.000000,4500,no
66,SELL,-0.345084,21:07:23.333322352,no,-,-,-,-,0.100000,10.000000,0.657810,2,1,600,3000,1.250000,0.000000,4500,no
67,SELL,-0.199266,21:07:23.333322352,no,-,-,-,-,0.100000,10.000000,0.657810,2,1,604,2996,1.250000,0.000000,4500,no
68,SELL,-0.081770,21:07:23.333322352,no,-,-,-,-,0.100000,10.000000,0.657810,2,1,607,2993,1.250000,0.000000,4500,no
69,SELL,-0.388681,21:07:23.333322352,no,-,-,-,-,0.100000,10.000000,0.657810,2,1,610,2990,1.250000,0.000000,4500,no
70,SELL,-0.558635,21:07:23.333322352,no,-,-,-,-,0.100000,10.000000,0.657810,2,1,614,2986,1.250000,0.000000,4500,no
71,SELL,-0.144885,21:07:23.333322352,no,-,-,-,-,0.100000,10.000000,0.657810,2,1,618,2982,1.250000,0.000000,4500,no
72,SELL,-0.430068,21:07:23.333322352,no,-,-,-,-,0.100000,10.000000,0.657810,2,1,621,2979,1.250000,0.000000,4500,no
73,SELL,-0.149373,21:07:23.333322352,no,-,-,-,-,0.100000,10.000000,0.657810,2,1,625,2975,1.250000,0.000000,4500,no
74,SELL,-0.018886,21:07:23.333322352,no,-,-,-,-,0.100000,10.000000,0.657810,2,1,630,2970,1.250000,0.000000,4500,no
75,SELL,1.106864,21:07:23.333322352,no,-,-,-,-,0.100000,10.000000,0.657810,2,1,633,2967,1.250000,0.000000,4500,no
76,SELL,0.745640,21:07:23.333322352,no,-,-,-,-,0.100000,10.000000,0.657810,2,1,637,2963,1.250000,0.000000,4500,no
77,SELL,-0.268098,21:07:23.333322352,no,-,-,-,-,0.100000,10.000000,0.657810,2,1,640,2960,1.250000,0.000000,4500,no
78,SELL,1.482697,21:07:23.333322352,no,-,-,-,-,0.100000,10.000000,0.657810,2,1,642,2958,1.250000,0.000000,4500,no
79,SELL,-0.007239,21:07:23.333322352,no,-,-,-,-,0.100000,10.000000,0.657810,2,1,645,2955,1.250000,0.000000,4500,no
80,SELL,-0.321629,21:07:23.333322352,no,-,-,-,-,0.100000,10.000000,0.657810,2,1,648,2952,1.250000,0.000000,4500,no
81,SELL,-0.457689,21:07:23.333322352,no,-,-,-,-,0.100000,10.000000,0.657810,2,1,651,2949,1.250000,0.000000,4500,no
82,SELL,0.385330,21:07:23.333322352,no,-,-,-,-,0.100000,10.000000,0.657810,2,1,655,2945,1.250000,0.000000,4500,no
83,SELL,-0.204162,21:07:23.333322352,no,-,-,-,-,0.100000,10.000000,0.657810,2,1,658,2942,1.250000,0.000000,4500,no
84,SELL,-0.782961,21:07:23.333322352,no,-,-,-,-,0.100000,10.000000,0.657810,2,1,663,2937,1.250000,0.000000,4500,no
85,SELL,-0.767274,21:07:23.333322352,no,-,-,-,-,0.100000,10.000000,0.657810,2,1,667,2933,1.250000,0.000000,4500,no
86,SELL,-0.638623,21:07:23.333322352,no,-,-,-,-,0.100000,10.000000,0.657810,2,1,670,2930,1.250000,0.000000,4500,no
87,SELL,0.628687,21:07:23.333322352,no,-,-,-,-,0.100000,10.000000,0.657810,2,1,673,2927,1.250000,0.000000,4500,no
88,SELL,1.439642,21:07:23.333322352,no,-,-,-,-,0.100000,10.000000,0.657810,2,1,677,2923,1.250000,0.000000,4500,no
89,SELL,0.149752,21:07:23.333322352,no,-,-,-,-,0.100000,10.000000,0.657810,2,1,680,2920,1.250000,0.000000,4500,no
90,SELL,0.359158,21:07:23.333322352,no,-,-,-,-,0.100000,10.000000,0.657810,2,1,684,2916,1.250000,0.000000,4500,no
91,SELL,0.046001,21:07:23.333322352,no,-,-,-,-,0.100000,10.000000,0.657810,2,1,687,2913,1.250000,0.000000,4500,no
92,SELL,0.172138,21:07:23.333322352,no,-,-,-,-,0.100000,10.000000,0.657810,2,1,690,2910,1.250000,0.000000,4500,no
93,SELL,0.227882,21:07:23.333322352,no,-,-,-,-,0.100000,10.000000,0.657810,2,1,694,2906,1.250000,0.000000,4500,no
94,SELL,0.195164,21:07:23.333322352,no,-,-,-,-,0.100000,10.000000,0.657810,2,1,697,2903,1.250000,0.000000,4500,no
95,SELL,-0.095583,21:07:23.333322352,no,-,-,-,-,0.100000,10.000000,0.657810,2,1,702,2898,1.250000,0.000000,4500,no
96,SELL,-0.172517,21:07:23.333322352,no,-,-,-,-,0.100000,10.000000,0.657810,2,1,705,2895,1.250000,0.000000,4500,no
97,SELL,0.111496,21:07:23.333322352,no,-,-,-,-,0.100000,10.000000,0.657810,2,1,707,2893,1.250000,0.000000,4500,no
98,SELL,-0.223785,21:07:23.333322352,no,-,-,-,-,0.100000,10.000000,0.657810,2,1,711,2889,1.250000,0.000000,4500,no
99,SELL,-0.330685,21:07:23.333322352,no,-,-,-,-,0.100000,10.000000,0.657810,2,1,714,2886,1.250000,0.000000,4500,no
100,SELL,-0.097057,21:07:23.333322352,no,-,-,-,-,0.100000,10.000000,0.657810,2,1,716,2884,1.250000,0.000000,4500,no
101,SELL,-0.060888,21:07:23.333322352,no,-,-,-,-,0.100000,10.000000,0.657810,2,1,719,2881,1.250000,0.000000,4500,no
102,SELL,-0.158379,21:07:23.333322352,no,-,-,-,-,0.100000,10.000000,0.657810,2,1,722,2878,1.250000,0.000000,4500,no
103,SELL,-0.207457,21:07:23.333322352,no,-,-,-,-,0.100000,10.000000,0.657810,2,1,726,2874,1.250000,0.000000,4500,no
104,SELL,-0.503780,21:07:23.333322352,no,-,-,-,-,0.100000,10.000000,0.657810,2,1,729,2871,1.250000,0.000000,4500,no
105,SELL,-0.622181,21:07:23.333322352,no,-,-,-,-,0.100000,10.000000,0.657810,2,1,733,2867,1.250000,0.000000,4500,no
106,SELL,-0.940439,21:07:23.333322352,no,-,-,-,-,0.100000,10.000000,0.657810,2,1,738,2862,1.250000,0.000000,4500,no
107,SELL,-0.517018,21:07:23.333322352,no,-,-,-,-,0.100000,10.000000,0.657810,2,1,743,2857,1.250000,0.000000,4500,no
108,SELL,-0.226573,21:07:23.333322352,no,-,-,-,-,0.100000,10.000000,0.657810,2,1,750,2850,1.250000,0.000000,4500,no
109,SELL,0.214714,21:07:23.333322352,no,-,-,-,-,0.100000,10.000000,0.657810,2,1,756,2844,1.250000,0.000000,4500,no
110,SELL,0.128538,21:07:23.333322352,no,-,-,-,-,0.100000,10.000000,0.657810,2,1,759,2841,1.250000,0.000000,4500,no
111,SELL,0.704047,21:07:23.333322352,no,-,-,-,-,0.100000,10.000000,0.657810,2,1,764,2836,1.250000,0.000000,4500,no
112,SELL,0.582045,21:07:23.333322352,no,-,-,-,-,0.100000,10.000000,0.657810,2,1,767,2833,1.250000,0.000000,4500,no
113,SELL,0.665366,21:07:23.333322352,no,-,-,-,-,0.100000,10.000000,0.657810,2,1,771,2829,1.250000,0.000000,4500,no
114,SELL,0.343720,21:07:23.333322352,no,-,-,-,-,0.100000,10.000000,0.657810,2,1,774,2826,1.250000,0.000000,4500,no
115,SELL,0.359289,21:07:23.333322352,no,-,-,-,-,0.100000,10.000000,0.657810,2,1,777,2823,1.250000,0.000000,4500,no
116,SELL,0.177512,21:07:23.333322352,no,-,-,-,-,0.100000,10.000000,0.657810,2,1,781,2819,1.250000,0.000000,4500,no
117,SELL,0.565410,21:07:23.333322352,no,-,-,-,-,0.100000,10.000000,0.657810,2,1,785,2815,1.250000,0.000000,4500,no
118,SELL,0.240849,21:07:23.333322352,no,-,-,-,-,0.100000,10.000000,0.657810,2,1,787,2813,1.250000,0.000000,4500,no
119,SELL,-0.115718,21:07:23.333322352,no,-,-,-,-,0.100000,10.000000,0.657810,2,1,790,2810,1.250000,0.000000,4500,no
120,SELL,0.226435,21:07:23.333322352,no,-,-,-,-,0.100000,10.000000,0.657810,2,1,792,2808,1.250000,0.000000,4500,no
121,SELL,0.491911,21:07:23.333322352,no,-,-,-,-,0.100000,10.000000,0.657810,2,1,796,2804,1.250000,0.000000,4500,no
122,SELL,0.394238,21:07:23.333322352,no,-,-,-,-,0.100000,10.000000,0.657810,2,1,799,2801,1.250000,0.000000,4500,no
123,SELL,0.290798,21:07:23.333322352,no,-,-,-,-,0.100000,10.000000,0.657810,2,1,803,2797,1.250000,0.000000,4500,no
124,SELL,0.217754,21:07:23.333322352,no,-,-,-,-,0.100000,10.000000,0.657810,2,1,807,2793,1.250000,0.000000,4500,no
125,SELL,0.244039,21:07:23.333322352,no,-,-,-,-,0.100000,10.000000,0.657810,2,1,810,2790,1.250000,0.000000,4500,no
126,SELL,0.138112,21:07:23.333322352,no,-,-,-,-,0.100000,10.000000,0.657810,2,1,814,2786,1.250000,0.000000,4500,no
127,SELL,0.086031,21:07:23.333322352,no,-,-,-,-,0.100000,10.000000,0.657810,2,1,819,2781,1.250000,0.000000,4500,no
128,SELL,-0.120491,21:07:23.333322352,no,-,-,-,-,0.100000,10.000000,0.657810,2,1,821,2779,1.250000,0.000000,4500,no
129,SELL,0.511466,21:07:23.333322352,no,-,-,-,-,0.100000,10.000000,0.657810,2,1,825,2775,1.250000,0.000000,4500,no
130,SELL,1.086822,21:07:23.333322352,no,-,-,-,-,0.100000,10.000000,0.657810,2,1,829,2771,1.250000,0.000000,4500,no
131,SELL,1.266318,21:07:23.333322352,no,-,-,-,-,0.100000,10.000000,0.657810,2,1,832,2768,1.250000,0.000000,4500,no
132,SELL,1.338537,21:07:23.333322352,no,-,-,-,-,0.100000,10.000000,0.657810,2,1,835,2765,1.250000,0.000000,4500,no
133,SELL,1.592610,21:07:23.333322352,no,-,-,-,-,0.100000,10.000000,0.657810,2,1,838,2762,1.250000,0.000000,4500,no
134,SELL,1.270697,21:07:23.333322352,no,-,-,-,-,0.100000,10.000000,0.657810,2,1,841,2759,1.250000,0.000000,4500,no
135,SELL,1.118419,21:07:23.333322352,no,-,-,-,-,0.100000,10.000000,0.657810,2,1,844,2756,1.250000,0.000000,4500,no
136,SELL,0.906559,21:07:23.333322352,no,-,-,-,-,0.100000,10.000000,0.657810,2,1,848,2752,1.250000,0.000000,4500,no
137,SELL,1.701474,21:07:23.333322352,no,-,-,-,-,0.100000,10.000000,0.657810,2,1,851,2749,1.250000,0.000000,4500,no
138,SELL,1.288834,21:07:23.333322352,no,-,-,-,-,0.100000,10.000000,0.657810,2,1,854,2746,1.250000,0.000000,4500,no
139,SELL,1.601155,21:07:23.333322352,no,-,-,-,-,0.100000,10.000000,0.657810,2,1,858,2742,1.250000,0.000000,4500,no
140,SELL,1.070063,21:07:23.333322352,no,-,-,-,-,0.100000,10.000000,0.657810,2,1,860,2740,1.250000,0.000000,4500,no
141,SELL,1.450191,21:07:23.333322352,no,-,-,-,-,0.100000,10.000000,0.657810,2,1,863,2737,1.250000,0.000000,4500,no
142,SELL,1.181488,21:07:23.333322352,no,-,-,-,-,0.100000,10.000000,0.657810,2,1,867,2733,1.250000,0.000000,4500,no
143,SELL,0.573342,21:07:23.333322352,no,-,-,-,-,0.100000,10.000000,0.657810,2,1,871,2729,1.250000,0.000000,4500,no
144,SELL,0.505730,21:07:23.333322352,no,-,-,-,-,0.100000,10.000000,0.657810,2,1,876,2724,1.250000,0.000000,4500,no
145,SELL,0.920762,21:07:23.333322352,no,-,-,-,-,0.100000,10.000000,0.657810,2,1,878,2722,1.250000,0.000000,4500,no
146,SELL,0.699052,21:07:23.333322352,no,-,-,-,-,0.100000,10.000000,0.657810,2,1,882,2718,1.250000,0.000000,4500,no
147,SELL,0.492274,21:07:23.333322352,no,-,-,-,-,0.100000,10.000000,0.657810,2,1,885,2715,1.250000,0.000000,4500,no
148,SELL,1.152702,21:07:23.333322352,no,-,-,-,-,0.100000,10.000000,0.657810,2,1,888,2712,1.250000,0.000000,4500,no
149,SELL,1.101289,21:07:23.333322352,no,-,-,-,-,0.100000,10.000000,0.657810,2,1,892,2708,1.250000,0.000000,4500,no
150,SELL,0.790587,21:07:23.333322352,no,-,-,-,-,0.100000,10.000000,0.657810,2,1,895,2705,1.250000,0.000000,4500,no
151,SELL,1.202261,21:07:23.333322352,no,-,-,-,-,0.100000,10.000000,0.657810,2,1,898,2702,1.250000,0.000000,4500,no
152,SELL,0.706303,21:07:23.333322352,no,-,-,-,-,0.100000,10.000000,0.657810,2,1,902,2698,1.250000,0.000000,4500,no
153,SELL,0.646186,21:07:23.333322352,no,-,-,-,-,0.100000,10.000000,0.657810,2,1,905,2695,1.250000,0.000000,4500,no
154,SELL,1.151863,21:07:23.333322352,no,-,-,-,-,0.100000,10.000000,0.657810,2,1,908,2692,1.250000,0.000000,4500,no
155,SELL,0.271734,21:07:23.333322352,no,-,-,-,-,0.100000,10.000000,0.657810,2,1,910,2690,1.250000,0.000000,4500,no
156,SELL,-0.321323,21:07:23.333322352,no,-,-,-,-,0.100000,10.000000,0.657810,2,1,1190,2410,1.250000,0.000000,4500,no
157,SELL,-0.093814,21:07:23.333322352,no,-,-,-,-,0.100000,10.000000,0.657810,2,1,1194,2406,1.250000,0.000000,4500,no
158,SELL,-0.723781,21:07:23.333322352,no,-,-,-,-,0.100000,10.000000,0.657810,2,1,1198,2402,1.250000,0.000000,4500,no
159,SELL,-0.985586,21:07:23.333322352,no,-,-,-,-,0.100000,10.000000,0.657810,2,1,1201,2399,1.250000,0.000000,4500,no
160,SELL,-1.123998,21:07:23.333322352,no,-,-,-,-,0.100000,10.000000,0.657810,2,1,1206,2394,1.250000,0.000000,4500,no
161,SELL,-0.579776,21:07:23.333322352,no,-,-,-,-,0.100000,10.000000,0.657810,2,1,1213,2387,1.250000,0.000000,4500,no
162,SELL,-0.348383,21:07:23.333322352,no,-,-,-,-,0.100000,10.000000,0.657810,2,1,1219,2381,1.250000,0.000000,4500,no
163,SELL,-1.290922,21:07:23.333322352,no,-,-,-,-,0.100000,10.000000,0.657810,2,1,1225,2375,1.250000,0.000000,4500,no
164,SELL,-1.130419,21:07:23.333322352,no,-,-,-,-,0.100000,10.000000,0.657810,2,1,1231,2369,1.250000,0.000000,4500,no
165,SELL,-1.617122,21:07:23.333322352,no,-,-,-,-,0.100000,10.000000,0.657810,2,1,1234,2366,1.250000,0.000000,4500,no
166,SELL,-0.665827,21:07:23.333322352,no,-,-,-,-,0.100000,10.000000,0.657810,2,1,1238,2362,1.250000,0.000000,4500,no
167,SELL,-0.856770,21:07:23.333322352,no,-,-,-,-,0.100000,10.000000,0.657810,2,1,1242,2358,1.250000,0.000000,4500,no
168,SELL,-1.474008,21:07:23.333322352,no,-,-,-,-,0.100000,10.000000,0.657810,2,1,1247,2353,1.250000,0.000000,4500,no
169,SELL,-1.395770,21:07:23.333322352,no,-,-,-,-,0.100000,10.000000,0.657810,2,1,1251,2349,1.250000,0.000000,4500,no
170,SELL,-1.343735,21:07:23.333322352,no,-,-,-,-,0.100000,10.000000,0.657810,2,1,1255,2345,1.250000,0.000000,4500,no
171,SELL,-1.249059,21:07:23.333322352,no,-,-,-,-,0.100000,10.000000,0.657810,2,1,1259,2341,1.250000,0.000000,4500,no
172,SELL,-0.964488,21:07:23.333322352,no,-,-,-,-,0.100000,10.000000,0.657810,2,1,1264,2336,1.250000,0.000000,4500,no
173,SELL,-1.119127,21:07:23.333322352,no,-,-,-,-,0.100000,10.000000,0.657810,2,1,1268,2332,1.250000,0.000000,4500,no
174,SELL,-1.254975,21:07:23.333322352,no,-,-,-,-,0.100000,10.000000,0.657810,2,1,1271,2329,1.250000,0.000000,4500,no
175,SELL,-0.556303,21:07:23.333322352,no,-,-,-,-,0.100000,10.000000,0.657810,2,1,1275,2325,1.250000,0.000000,4500,no
176,SELL,-0.324042,21:07:23.333322352,no,-,-,-,-,0.100000,10.000000,0.657810,2,1,1279,2321,1.250000,0.000000,4500,no
177,SELL,-0.422937,21:07:23.333322352,no,-,-,-,-,0.100000,10.000000,0.657810,2,1,1282,2318,1.250000,0.000000,4500,no
178,SELL,-0.082051,21:07:23.333322352,no,-,-,-,-,0.100000,10.000000,0.657810,2,1,1287,2313,1.250000,0.000000,4500,no
179,SELL,-0.153000,21:07:23.333322352,no,-,-,-,-,0.100000,10.000000,0.657810,2,1,1291,2309,1.250000,0.000000,4500,no
180,SELL,-0.629675,21:07:23.333322352,no,-,-,-,-,0.100000,10.000000,0.657810,2,1,1297,2303,1.250000,0.000000,4500,no
181,SELL,-0.209487,21:07:23.333322352,no,-,-,-,-,0.100000,10.000000,0.657810,2,1,1300,2300,1.250000,0.000000,4500,no
182,SELL,-0.298026,21:07:23.333322352,no,-,-,-,-,0.100000,10.000000,0.657810,2,1,1304,2296,1.250000,0.000000,4500,no
183,SELL,-1.151535,21:07:23.333322352,no,-,-,-,-,0.100000,10.000000,0.657810,2,1,1308,2292,1.250000,0.000000,4500,no
184,SELL,-0.787654,21:07:23.333322352,no,-,-,-,-,0.100000,10.000000,0.657810,2,1,1313,2287,1.250000,0.000000,4500,no
185,SELL,-0.698237,21:07:23.333322352,no,-,-,-,-,0.100000,10.000000,0.657810,2,1,1316,2284,1.250000,0.000000,4500,no
186,SELL,0.010200,21:07:23.333322352,no,-,-,-,-,0.100000,10.000000,0.657810,2,1,1320,2280,1.250000,0.000000,4500,no
187,SELL,-0.248804,21:07:23.333322352,no,-,-,-,-,0.100000,10.000000,0.657810,2,1,1325,2275,1.250000,0.000000,4500,no
188,SELL,-0.737610,21:07:23.333322352,no,-,-,-,-,0.100000,10.000000,0.657810,2,1,1330,2270,1.250000,0.000000,4500,no
189,SELL,-0.563260,21:07:23.333322352,no,-,-,-,-,0.100000,10.000000,0.657810,2,1,1335,2265,1.250000,0.000000,4500,no
190,SELL,-0.800930,21:07:23.333322352,no,-,-,-,-,0.100000,10.000000,0.657810,2,1,1338,2262,1.250000,0.000000,4500,no
191,SELL,-0.536312,21:07:23.333322352,no,-,-,-,-,0.100000,10.000000,0.657810,2,1,1342,2258,1.250000,0.000000,4500,no
192,SELL,-0.856369,21:07:23.333322352,no,-,-,-,-,0.100000,10.000000,0.657810,2,1,1348,2252,1.250000,0.000000,4500,no
193,SELL,-0.217991,21:07:23.333322352,no,-,-,-,-,0.100000,10.000000,0.657810,2,1,1352,2248,1.250000,0.000000,4500,no
194,SELL,-0.016474,21:07:23.333322352,no,-,-,-,-,0.100000,10.000000,0.657810,2,1,1355,2245,1.250000,0.000000,4500,no
195,SELL,-0.390554,21:07:23.333322352,no,-,-,-,-,0.100000,10.000000,0.657810,2,1,1358,2242,1.250000,0.000000,4500,no
196,SELL,-0.666517,21:07:23.333322352,no,-,-,-,-,0.100000,10.000000,0.657810,2,1,1361,2239,1.250000,0.000000,4500,no
197,SELL,-0.709691,21:07:23.333322352,no,-,-,-,-,0.100000,10.000000,0.657810,2,1,1365,2235,1.250000,0.000000,4500,no
198,SELL,-0.125669,21:07:23.333322352,no,-,-,-,-,0.100000,10.000000,0.657810,2,1,1369,2231,1.250000,0.000000,4500,no
199,SELL,-1.349742,21:07:23.333322352,no,-,-,-,-,0.100000,10.000000,0.657810,2,1,1375,2225,1.250000,0.000000,4500,no
200,SELL,-1.395085,21:07:23.333322352,no,-,-,-,-,0.100000,10.000000,0.657810,2,1,1422,2178,1.250000,0.000000,4500,no
201,SELL,-1.642645,21:07:23.333322352,no,-,-,-,-,0.100000,10.000000,0.657810,2,1,1428,2172,1.250000,0.000000,4500,no
202,SELL,-0.889754,21:07:23.333322352,no,-,-,-,-,0.100000,10.000000,0.657810,2,1,1431,2169,1.250000,0.000000,4500,no
203,SELL,-0.441253,21:07:23.333322352,no,-,-,-,-,0.100000,10.000000,0.657810,2,1,1494,2106,1.250000,0.000000,4500,no
204,SELL,0.077566,21:07:23.333322352,no,-,-,-,-,0.100000,10.000000,0.657810,2,1,1552,2048,1.250000,0.000000,4500,no
205,SELL,0.283263,21:07:23.333322352,no,-,-,-,-,0.100000,10.000000,0.657810,2,1,1554,2046,1.250000,0.000000,4500,no
206,SELL,-0.614151,21:07:23.333322352,no,-,-,-,-,0.100000,10.000000,0.657810,2,1,1562,2038,1.250000,0.000000,4500,no
207,SELL,1.024550,21:07:23.333322352,no,-,-,-,-,0.100000,10.000000,0.657810,2,1,1565,2035,1.250000,0.000000,4500,no
208,SELL,-0.159985,21:07:23.333322352,no,-,-,-,-,0.100000,10.000000,0.657810,2,1,1567,2033,1.250000,0.000000,4500,no
209,SELL,-0.248784,21:07:23.333322352,no,-,-,-,-,0.100000,10.000000,0.657810,2,1,1572,2028,1.250000,0.000000,4500,no
210,SELL,-0.264962,21:07:23.333322352,no,-,-,-,-,0.100000,10.000000,0.657810,2,1,1577,2023,1.250000,0.000000,4500,no
211,SELL,-0.680621,21:07:23.333322352,no,-,-,-,-,0.100000,10.000000,0.657810,2,1,1580,2020,1.250000,0.000000,4500,no
212,SELL,-0.387535,21:07:23.333322352,no,-,-,-,-,0.100000,10.000000,0.657810,2,1,1584,2016,1.250000,0.000000,4500,no
213,SELL,-0.669919,21:07:23.333322352,no,-,-,-,-,0.100000,10.000000,0.657810,2,1,1588,2012,1.250000,0.000000,4500,no
214,SELL,-1.131622,21:07:23.333322352,no,-,-,-,-,0.100000,10.000000,0.657810,2,1,1593,2007,1.250000,0.000000,4500,no
215,SELL,-0.896039,21:07:23.333322352,no,-,-,-,-,0.100000,10.000000,0.657810,2,1,1617,1983,1.250000,0.000000,4500,no
216,SELL,-1.370006,21:07:23.333322352,no,-,-,-,-,0.100000,10.000000,0.657810,2,1,1620,1980,1.250000,0.000000,4500,no
217,SELL,-1.011774,21:07:23.333322352,no,-,-,-,-,0.100000,10.000000,0.657810,2,1,1626,1974,1.250000,0.000000,4500,no
218,SELL,-0.916022,21:07:23.333322352,no,-,-,-,-,0.100000,10.000000,0.657810,2,1,1635,1965,1.250000,0.000000,4500,no
219,SELL,0.294292,21:07:23.333322352,no,-,-,-,-,0.100000,10.000000,0.657810,2,1,1648,1952,1.250000,0.000000,4500,no
220,SELL,0.416289,21:07:23.333322352,no,-,-,-,-,0.100000,10.000000,0.657810,2,1,1653,1947,1.250000,0.000000,4500,no
221,SELL,0.000189,21:07:23.333322352,no,-,-,-,-,0.100000,10.000000,0.657810,2,1,1657,1943,1.250000,0.000000,4500,no
222,SELL,-1.274069,21:07:23.333322352,no,-,-,-,-,0.100000,10.000000,0.657810,2,1,4926,-1326,1.250000,0.000000,4500,yes
223,SELL,-1.126444,21:07:23.333322352,no,-,-,-,-,0.100000,10.000000,0.657810,2,1,4930,-1330,1.250000,0.000000,4500,yes
224,SELL,-1.908166,21:07:23.333322352,no,-,-,-,-,0.100000,10.000000,0.657810,2,1,4935,-1335,1.250000,0.000000,4500,yes
225,SELL,-2.079625,21:07:23.333322352,no,-,-,-,-,0.100000,10.000000,0.657810,2,1,4938,-1338,1.250000,0.000000,4500,yes
226,SELL,0.047564,21:07:23.333322352,no,-,-,-,-,0.100000,10.000000,0.657810,2,1,4942,-1342,1.250000,0.000000,4500,yes
227,SELL,0.040701,21:07:23.333322352,no,-,-,-,-,0.100000,10.000000,0.657810,2,1,4946,-1346,1.250000,0.000000,4500,yes
228,SELL,0.989725,21:07:23.333322352,no,-,-,-,-,0.100000,10.000000,0.657810,2,1,4949,-1349,1.250000,0.000000,4500,yes
229,SELL,-0.442461,21:07:23.333322352,no,-,-,-,-,0.100000,10.000000,0.657810,2,1,4953,-1353,1.250000,0.000000,4500,yes
230,SELL,-0.617088,21:07:23.333322352,no,-,-,-,-,0.100000,10.000000,0.657810,2,1,4957,-1357,1.250000,0.000000,4500,yes
231,SELL,-1.606932,21:07:23.333322352,no,-,-,-,-,0.100000,10.000000,0.657810,2,1,4960,-1360,1.250000,0.000000,4500,yes
232,SELL,-1.941202,21:07:23.333322352,no,-,-,-,-,0.100000,10.000000,0.657810,2,1,4965,-1365,1.250000,0.000000,4500,yes
233,SELL,-2.426467,21:07:23.333322352,no,-,-,-,-,0.100000,10.000000,0.657810,2,1,4968,-1368,1.250000,0.000000,4500,yes
234,SELL,-0.475687,21:07:23.333322352,no,-,-,-,-,0.100000,10.000000,0.657810,2,1,4972,-1372,1.250000,0.000000,4500,yes
235,SELL,-0.513177,21:07:23.333322352,no,-,-,-,-,0.100000,10.000000,0.657810,2,1,4977,-1377,1.250000,0.000000,4500,yes
236,SELL,0.487164,21:07:23.333322352,no,-,-,-,-,0.100000,10.000000,0.657810,2,1,4981,-1381,1.250000,0.000000,4500,yes
237,SELL,-0.296464,21:07:23.333322352,no,-,-,-,-,0.100000,10.000000,0.657810,2,1,4985,-1385,1.250000,0.000000,4500,yes
238,SELL,1.329618,21:07:23.333322352,no,-,-,-,-,0.100000,10.000000,0.657810,2,1,4990,-1390,1.250000,0.000000,4500,yes
239,SELL,1.864404,21:07:23.333322352,no,-,-,-,-,0.100000,10.000000,0.657810,2,1,4994,-1394,1.250000,0.000000,4500,yes
240,SELL,1.678297,21:07:23.333322352,no,-,-,-,-,0.100000,10.000000,0.657810,2,1,4998,-1398,1.250000,0.000000,4500,yes
241,SELL,1.020633,21:07:23.333322352,no,-,-,-,-,0.100000,10.000000,0.657810,2,1,5003,-1403,1.250000,0.000000,4500,yes
242,SELL,1.305213,21:07:23.333322352,no,-,-,-,-,0.100000,10.000000,0.657810,2,1,5007,-1407,1.250000,0.000000,4500,yes
243,SELL,0.304763,21:07:23.333322352,no,-,-,-,-,0.100000,10.000000,0.657810,2,1,5035,-1435,1.250000,0.000000,4500,yes
244,SELL,0.119235,21:07:23.333322352,no,-,-,-,-,0.100000,10.000000,0.657810,2,1,5038,-1438,1.250000,0.000000,4500,yes
245,SELL,0.782682,21:07:23.333322352,no,-,-,-,-,0.100000,10.000000,0.657810,2,1,5045,-1445,1.250000,0.000000,4500,yes
246,SELL,1.974540,21:07:23.333322352,no,-,-,-,-,0.100000,10.000000,0.657810,2,1,5049,-1449,1.250000,0.000000,4500,yes
247,SELL,-0.540514,21:07:23.333322352,no,-,-,-,-,0.100000,10.000000,0.657810,2,1,11325,-7725,1.250000,0.000000,4500,yes
248,SELL,0.511197,21:07:23.333322352,no,-,-,-,-,0.100000,10.000000,0.657810,2,1,11335,-7735,1.250000,0.000000,4500,yes
249,SELL,0.830890,21:07:23.333322352,no,-,-,-,-,0.100000,10.000000,0.657810,2,1,11347,-7747,1.250000,0.000000,4500,yes
250,SELL,6.013330,21:07:23.333322352,no,-,-,-,-,0.100000,10.000000,0.657810,2,1,11357,-7757,1.250000,0.000000,4500,yes
251,SELL,2.776341,21:07:23.333322352,no,-,-,-,-,0.100000,10.000000,0.657810,2,1,11367,-7767,1.250000,0.000000,4500,yes
252,SELL,3.382733,21:07:23.333322352,no,-,-,-,-,0.100000,10.000000,0.657810,2,1,11379,-7779,1.250000,0.000000,4500,yes
253,SELL,5.050327,21:07:23.333322352,no,-,-,-,-,0.100000,10.000000,0.657810,2,1,11389,-7789,1.250000,0.000000,4500,yes
254,SELL,6.463503,21:07:23.333322352,no,-,-,-,-,0.100000,10.000000,0.657810,2,1,11399,-7799,1.250000,0.000000,4500,yes
255,SELL,4.924766,21:07:23.333322352,no,-,-,-,-,0.100000,10.000000,0.657810,2,1,11411,-7811,1.250000,0.000000,4500,yes
256,SELL,2.295673,21:07:23.333322352,no,-,-,-,-,0.100000,10.000000,0.657810,2,1,11421,-7821,1.250000,0.000000,4500,yes
257,SELL,1.626117,21:07:23.333322352,no,-,-,-,-,0.100000,10.000000,0.657810,2,1,11431,-7831,1.250000,0.000000,4500,yes
258,SELL,3.927057,21:07:23.333322352,no,-,-,-,-,0.100000,10.000000,0.657810,2,1,11443,-7843,1.250000,0.000000,4500,yes
259,SELL,3.820177,21:07:23.333322352,no,-,-,-,-,0.100000,10.000000,0.657810,2,1,11453,-7853,1.250000,0.000000,4500,yes
260,SELL,4.485653,21:07:23.333322352,no,-,-,-,-,0.100000,10.000000,0.657810,2,1,11464,-7864,1.250000,0.000000,4500,yes
261,SELL,7.567439,21:07:23.333322352,no,-,-,-,-,0.100000,10.000000,0.657810,2,1,11474,-7874,1.250000,0.000000,4500,yes
262,SELL,11.783236,21:07:23.333322352,no,-,-,-,-,0.100000,10.000000,0.657810,2,1,11486,-7886,1.250000,0.000000,4500,yes
263,SELL,10.964811,21:07:23.333322352,no,-,-,-,-,0.100000,10.000000,0.657810,2,1,11496,-7896,1.250000,0.000000,4500,yes
264,SELL,4.673967,21:07:23.333322352,no,-,-,-,-,0.100000,10.000000,0.657810,2,1,11508,-7908,1.250000,0.000000,4500,yes
265,SELL,5.773315,21:07:23.333322352,no,-,-,-,-,0.100000,10.000000,0.657810,2,1,11514,-7914,1.250000,0.000000,4500,yes
266,SELL,6.093737,21:07:23.333322352,no,-,-,-,-,0.100000,10.000000,0.657810,2,1,11530,-7930,1.250000,0.000000,4500,yes
267,SELL,5.115340,21:07:23.333322352,no,-,-,-,-,0.100000,10.000000,0.657810,2,1,11541,-7941,1.250000,0.000000,4500,yes
268,SELL,3.607604,21:07:23.333322352,no,-,-,-,-,0.100000,10.000000,0.657810,2,1,11551,-7951,1.250000,0.000000,4500,yes
269,SELL,6.784338,21:07:23.333322352,no,-,-,-,-,0.100000,10.000000,0.657810,2,1,11562,-7962,1.250000,0.000000,4500,yes
270,SELL,4.459918,21:07:23.333322352,no,-,-,-,-,0.100000,10.000000,0.657810,2,1,11574,-7974,1.250000,0.000000,4500,yes
271,SELL,4.006541,21:07:23.333322352,no,-,-,-,-,0.100000,10.000000,0.657810,2,1,11584,-7984,1.250000,0.000000,4500,yes
272,SELL,0.808178,21:07:23.333322352,no,-,-,-,-,0.100000,10.000000,0.657810,2,1,11595,-7995,1.250000,0.000000,4500,yes
273,SELL,0.343141,21:07:23.333322352,no,-,-,-,-,0.100000,10.000000,0.657810,2,1,11606,-8006,1.250000,0.000000,4500,yes
274,SELL,0.061634,21:07:23.333322352,no,-,-,-,-,0.100000,10.000000,0.657810,2,1,11616,-8016,1.250000,0.000000,4500,yes
275,SELL,-1.284878,21:07:23.333322352,no,-,-,-,-,0.100000,10.000000,0.657810,2,1,11627,-8027,1.250000,0.000000,4500,yes
276,SELL,-0.659672,21:07:23.333322352,no,-,-,-,-,0.100000,10.000000,0.657810,2,1,11638,-8038,1.250000,0.000000,4500,yes
277,SELL,3.067260,21:07:23.333322352,no,-,-,-,-,0.100000,10.000000,0.657810,2,1,11648,-8048,1.250000,0.000000,4500,yes
278,SELL,-0.547859,21:07:23.333322352,no,-,-,-,-,0.100000,10.000000,0.657810,2,1,11659,-8059,1.250000,0.000000,4500,yes
279,SELL,3.995380,21:07:23.333322352,no,-,-,-,-,0.100000,10.000000,0.657810,2,1,11669,-8069,1.250000,0.000000,4500,yes
280,SELL,1.917494,21:07:23.333322352,no,-,-,-,-,0.100000,10.000000,0.657810,2,1,11681,-8081,1.250000,0.000000,4500,yes
281,SELL,2.168289,21:07:23.333322352,no,-,-,-,-,0.100000,10.000000,0.657810,2,1,11691,-8091,1.250000,0.000000,4500,yes
282,SELL,4.406957,21:07:23.333322352,no,-,-,-,-,0.100000,10.000000,0.657810,2,1,11701,-8101,1.250000,0.000000,4500,yes
283,SELL,7.626942,21:07:23.333322352,no,-,-,-,-,0.100000,10.000000,0.657810,2,1,11712,-8112,1.250000,0.000000,4500,yes
284,SELL,6.366454,21:07:23.333322352,no,-,-,-,-,0.100000,10.000000,0.657810,2,1,11722,-8122,1.250000,0.000000,4500,yes
285,SELL,7.727596,21:07:23.333322352,no,-,-,-,-,0.100000,10.000000,0.657810,2,1,11733,-8133,1.250000,0.000000,4500,yes
286,SELL,5.931465,21:07:23.333322352,no,-,-,-,-,0.100000,10.000000,0.657810,2,1,11743,-8143,1.250000,0.000000,4500,yes
287,SELL,6.132083,21:07:23.333322352,no,-,-,-,-,0.100000,10.000000,0.657810,2,1,11754,-8154,1.250000,0.000000,4500,yes
288,SELL,4.714050,21:07:23.333322352,no,-,-,-,-,0.100000,10.000000,0.657810,2,1,11765,-8165,1.250000,0.000000,4500,yes
289,SELL,2.023208,21:07:23.333322352,no,-,-,-,-,0.100000,10.000000,0.657810,2,1,11776,-8176,1.250000,0.000000,4500,yes
290,SELL,1.360412,21:07:23.333322352,no,-,-,-,-,0.100000,10.000000,0.657810,2,1,11785,-8185,1.250000,0.000000,4500,yes
291,SELL,0.998419,21:07:23.333322352,no,-,-,-,-,0.100000,10.000000,0.657810,2,1,11796,-8196,1.250000,0.000000,4500,yes
292,SELL,0.514938,21:07:23.333322352,no,-,-,-,-,0.100000,10.000000,0.657810,2,1,11807,-8207,1.250000,0.000000,4500,yes
293,SELL,0.046153,21:07:23.333322352,no,-,-,-,-,0.100000,10.000000,0.657810,2,1,11818,-8218,1.250000,0.000000,4500,yes
294,SELL,-0.380826,21:07:23.333322352,no,-,-,-,-,0.100000,10.000000,0.657810,2,1,11828,-8228,1.250000,0.000000,4500,yes
295,SELL,4.639663,21:07:23.333322352,no,-,-,-,-,0.100000,10.000000,0.657810,2,1,11838,-8238,1.250000,0.000000,4500,yes
296,SELL,0.039194,21:07:23.333322352,no,-,-,-,-,0.100000,10.000000,0.657810,2,1,11848,-8248,1.250000,0.000000,4500,yes
297,SELL,2.200101,21:07:23.333322352,no,-,-,-,-,0.100000,10.000000,0.657810,2,1,11859,-8259,1.250000,0.000000,4500,yes
298,SELL,3.133872,21:07:23.333322352,no,-,-,-,-,0.100000,10.000000,0.657810,2,1,11870,-8270,1.250000,0.000000,4500,yes
299,SELL,3.576599,21:07:23.333322352,no,-,-,-,-,0.100000,10.000000,0.657810,2,1,11905,-8305,1.250000,0.000000,4500,yes
300,SELL,4.831029,21:07:23.333322352,no,-,-,-,-,0.100000,10.000000,0.657810,2,1,11931,-8331,1.250000,0.000000,4500,yes
301,SELL,3.239748,21:07:23.333322352,no,-,-,-,-,0.100000,10.000000,0.657810,2,1,11937,-8337,1.250000,0.000000,4500,yes
302,SELL,2.823473,21:07:23.333322352,no,-,-,-,-,0.100000,10.000000,0.657810,2,1,11943,-8343,1.250000,0.000000,4500,yes
303,SELL,2.360618,21:07:23.333322352,no,-,-,-,-,0.100000,10.000000,0.657810,2,1,11953,-8353,1.250000,0.000000,4500,yes
304,SELL,3.818952,21:07:23.333322352,no,-,-,-,-,0.100000,10.000000,0.657810,2,1,11964,-8364,1.250000,0.000000,4500,yes
305,SELL,0.540035,21:07:23.333322352,no,-,-,-,-,0.100000,10.000000,0.657810,2,1,11975,-8375,1.250000,0.000000,4500,yes
306,SELL,-0.276410,21:07:23.333322352,no,-,-,-,-,0.100000,10.000000,0.657810,2,1,11986,-8386,1.250000,0.000000,4500,yes
307,SELL,1.462424,21:07:23.333322352,no,-,-,-,-,0.100000,10.000000,0.657810,2,1,11996,-8396,1.250000,0.000000,4500,yes
308,SELL,1.480743,21:07:23.333322352,no,-,-,-,-,0.100000,10.000000,0.657810,2,1,12006,-8406,1.250000,0.000000,4500,yes
309,SELL,-1.324971,21:07:23.333322352,no,-,-,-,-,0.100000,10.000000,0.657810,2,1,12017,-8417,1.250000,0.000000,4500,yes
310,SELL,-0.213677,21:07:23.333322352,no,-,-,-,-,0.100000,10.000000,0.657810,2,1,12027,-8427,1.250000,0.000000,4500,yes
311,SELL,5.016028,21:07:23.333322352,no,-,-,-,-,0.100000,10.000000,0.657810,2,1,12038,-8438,1.250000,0.000000,4500,yes
312,SELL,3.037092,21:07:23.333322352,no,-,-,-,-,0.100000,10.000000,0.657810,2,1,12049,-8449,1.250000,0.000000,4500,yes
313,SELL,5.287546,21:07:23.333322352,no,-,-,-,-,0.100000,10.000000,0.657810,2,1,18250,-14650,1.250000,0.000000,4500,yes
314,SELL,5.910435,21:07:23.333322352,no,-,-,-,-,0.100000,10.000000,0.657810,2,1,18254,-14654,1.250000,0.000000,4500,yes
