轮数,方向,预测值,算法开始时间,是否下单,下单价格,档位,下单量,下单耗时(从预测到下单),r1,r2,std,freq,qty_scalar,经过时间,剩余时间,目标速度,实际速度,剩余量,是否为最后一轮
1,SELL,-0.107705,21:07:23.333009368,no,-,-,-,-,0.909091,1.100000,0.740649,2,1,332,3268,1.250000,0.000000,4500,no
2,SELL,0.090346,21:07:23.333009368,no,-,-,-,-,0.826446,1.210000,0.740649,2,1,335,3265,1.250000,0.000000,4500,no
3,SELL,-0.154100,21:07:23.333009368,no,-,-,-,-,0.751315,1.331000,0.740649,2,1,339,3261,1.250000,0.000000,4500,no
4,SELL,-0.085441,21:07:23.333009368,no,-,-,-,-,0.683013,1.464100,0.740649,2,1,343,3257,1.250000,0.000000,4500,no
5,SELL,-0.305666,21:07:23.333009368,no,-,-,-,-,0.620921,1.610510,0.740649,2,1,347,3253,1.250000,0.000000,4500,no
6,SELL,-0.192708,21:07:23.333009368,no,-,-,-,-,0.564474,1.771561,0.740649,2,1,351,3249,1.250000,0.000000,4500,no
7,SELL,-0.032334,21:07:23.333009368,no,-,-,-,-,0.513158,1.948717,0.740649,2,1,355,3245,1.250000,0.000000,4500,no
8,SELL,0.061615,21:07:23.333009368,no,-,-,-,-,0.466507,2.143589,0.740649,2,1,359,3241,1.250000,0.000000,4500,no
9,SELL,0.023570,21:07:23.333009368,no,-,-,-,-,0.424098,2.357948,0.740649,2,1,363,3237,1.250000,0.000000,4500,no
10,SELL,-0.166632,21:07:23.333009368,no,-,-,-,-,0.385543,2.593742,0.740649,2,1,367,3233,1.250000,0.000000,4500,no
11,SELL,-0.193822,21:07:23.333009368,no,-,-,-,-,0.350494,2.853117,0.740649,2,1,370,3230,1.250000,0.000000,4500,no
12,SELL,-0.197946,21:07:23.333009368,no,-,-,-,-,0.318631,3.138428,0.740649,2,1,373,3227,1.250000,0.000000,4500,no
13,SELL,-0.258913,21:07:23.333009368,no,-,-,-,-,0.289664,3.452271,0.740649,2,1,376,3224,1.250000,0.000000,4500,no
14,SELL,-0.120266,21:07:23.333009368,no,-,-,-,-,0.263331,3.797498,0.740649,2,1,383,3217,1.250000,0.000000,4500,no
15,SELL,-0.067990,21:07:23.333009368,no,-,-,-,-,0.239392,4.177248,0.740649,2,1,392,3208,1.250000,0.000000,4500,no
16,SELL,-0.454227,21:07:23.333009368,no,-,-,-,-,0.217629,4.594973,0.740649,2,1,396,3204,1.250000,0.000000,4500,no
17,SELL,-0.475486,21:07:23.333009368,no,-,-,-,-,0.197845,5.054470,0.740649,2,1,402,3198,1.250000,0.000000,4500,no
18,SELL,-0.413614,21:07:23.333009368,no,-,-,-,-,0.179859,5.559917,0.740649,2,1,406,3194,1.250000,0.000000,4500,no
19,SELL,-0.267544,21:07:23.333009368,no,-,-,-,-,0.163508,6.115909,0.740649,2,1,412,3188,1.250000,0.000000,4500,no
20,SELL,-0.228921,21:07:23.333009368,no,-,-,-,-,0.148644,6.727500,0.740649,2,1,417,3183,1.250000,0.000000,4500,no
21,SELL,-0.179870,21:07:23.333009368,no,-,-,-,-,0.135131,7.400250,0.740649,2,1,422,3178,1.250000,0.000000,4500,no
22,SELL,-0.201461,21:07:23.333009368,no,-,-,-,-,0.122846,8.140275,0.740649,2,1,427,3173,1.250000,0.000000,4500,no
23,SELL,-0.364032,21:07:23.333009368,no,-,-,-,-,0.111678,8.954302,0.740649,2,1,432,3168,1.250000,0.000000,4500,no
24,SELL,-0.595237,21:07:23.333009368,no,-,-,-,-,0.101526,9.849733,0.740649,2,1,438,3162,1.250000,0.000000,4500,no
25,SELL,-0.736111,21:07:23.333009368,no,-,-,-,-,0.100000,10.000000,0.740649,2,1,441,3159,1.250000,0.000000,4500,no
26,SELL,-0.713672,21:07:23.333009368,no,-,-,-,-,0.100000,10.000000,0.740649,2,1,445,3155,1.250000,0.000000,4500,no
27,SELL,-1.106418,21:07:23.333009368,no,-,-,-,-,0.100000,10.000000,0.740649,2,1,448,3152,1.250000,0.000000,4500,no
28,SELL,-1.050148,21:07:23.333009368,no,-,-,-,-,0.100000,10.000000,0.740649,2,1,451,3149,1.250000,0.000000,4500,no
29,SELL,-0.990678,21:07:23.333009368,no,-,-,-,-,0.100000,10.000000,0.740649,2,1,457,3143,1.250000,0.000000,4500,no
30,SELL,-0.813583,21:07:23.333009368,no,-,-,-,-,0.100000,10.000000,0.740649,2,1,460,3140,1.250000,0.000000,4500,no
31,SELL,-0.716879,21:07:23.333009368,no,-,-,-,-,0.100000,10.000000,0.740649,2,1,464,3136,1.250000,0.000000,4500,no
32,SELL,-0.764024,21:07:23.333009368,no,-,-,-,-,0.100000,10.000000,0.740649,2,1,466,3134,1.250000,0.000000,4500,no
33,SELL,-0.616230,21:07:23.333009368,no,-,-,-,-,0.100000,10.000000,0.740649,2,1,471,3129,1.250000,0.000000,4500,no
34,SELL,-1.079837,21:07:23.333009368,no,-,-,-,-,0.100000,10.000000,0.740649,2,1,475,3125,1.250000,0.000000,4500,no
35,SELL,-0.990530,21:07:23.333009368,no,-,-,-,-,0.100000,10.000000,0.740649,2,1,480,3120,1.250000,0.000000,4500,no
36,SELL,-0.909903,21:07:23.333009368,no,-,-,-,-,0.100000,10.000000,0.740649,2,1,482,3118,1.250000,0.000000,4500,no
37,SELL,-0.632712,21:07:23.333009368,no,-,-,-,-,0.100000,10.000000,0.740649,2,1,487,3113,1.250000,0.000000,4500,no
38,SELL,-0.402476,21:07:23.333009368,no,-,-,-,-,0.100000,10.000000,0.740649,2,1,495,3105,1.250000,0.000000,4500,no
39,SELL,-0.417966,21:07:23.333009368,no,-,-,-,-,0.100000,10.000000,0.740649,2,1,501,3099,1.250000,0.000000,4500,no
40,SELL,-0.619233,21:07:23.333009368,no,-,-,-,-,0.100000,10.000000,0.740649,2,1,504,3096,1.250000,0.000000,4500,no
41,SELL,-0.355553,21:07:23.333009368,no,-,-,-,-,0.100000,10.000000,0.740649,2,1,509,3091,1.250000,0.000000,4500,no
42,SELL,-0.733102,21:07:23.333009368,no,-,-,-,-,0.100000,10.000000,0.740649,2,1,513,3087,1.250000,0.000000,4500,no
43,SELL,-0.784913,21:07:23.333009368,no,-,-,-,-,0.100000,10.000000,0.740649,2,1,517,3083,1.250000,0.000000,4500,no
44,SELL,-0.781777,21:07:23.333009368,no,-,-,-,-,0.100000,10.000000,0.740649,2,1,522,3078,1.250000,0.000000,4500,no
45,SELL,-0.508775,21:07:23.333009368,no,-,-,-,-,0.100000,10.000000,0.740649,2,1,527,3073,1.250000,0.000000,4500,no
46,SELL,-0.551274,21:07:23.333009368,no,-,-,-,-,0.100000,10.000000,0.740649,2,1,530,3070,1.250000,0.000000,4500,no
47,SELL,-0.635116,21:07:23.333009368,no,-,-,-,-,0.100000,10.000000,0.740649,2,1,539,3061,1.250000,0.000000,4500,no
48,SELL,-0.914119,21:07:23.333009368,no,-,-,-,-,0.100000,10.000000,0.740649,2,1,545,3055,1.250000,0.000000,4500,no
49,SELL,-1.418139,21:07:23.333009368,no,-,-,-,-,0.100000,10.000000,0.740649,2,1,557,3043,1.250000,0.000000,4500,no
50,SELL,-1.583156,21:07:23.333009368,no,-,-,-,-,0.100000,10.000000,0.740649,2,1,562,3038,1.250000,0.000000,4500,no
51,SELL,-2.004370,21:07:23.333009368,no,-,-,-,-,0.100000,10.000000,0.740649,2,1,568,3032,1.250000,0.000000,4500,no
52,SELL,-1.261602,21:07:23.333009368,no,-,-,-,-,0.100000,10.000000,0.740649,2,1,571,3029,1.250000,0.000000,4500,no
53,SELL,-1.204800,21:07:23.333009368,no,-,-,-,-,0.100000,10.000000,0.740649,2,1,576,3024,1.250000,0.000000,4500,no
54,SELL,-0.773989,21:07:23.333009368,no,-,-,-,-,0.100000,10.000000,0.740649,2,1,578,3022,1.250000,0.000000,4500,no
55,SELL,-0.801018,21:07:23.333009368,no,-,-,-,-,0.100000,10.000000,0.740649,2,1,583,3017,1.250000,0.000000,4500,no
56,SELL,-0.543714,21:07:23.333009368,no,-,-,-,-,0.100000,10.000000,0.740649,2,1,587,3013,1.250000,0.000000,4500,no
57,SELL,-0.432990,21:07:23.333009368,no,-,-,-,-,0.100000,10.000000,0.740649,2,1,591,3009,1.250000,0.000000,4500,no
58,SELL,-0.362582,21:07:23.333009368,no,-,-,-,-,0.100000,10.000000,0.740649,2,1,595,3005,1.250000,0.000000,4500,no
59,SELL,-0.527974,21:07:23.333009368,no,-,-,-,-,0.100000,10.000000,0.740649,2,1,604,2996,1.250000,0.000000,4500,no
60,SELL,-0.291888,21:07:23.333009368,no,-,-,-,-,0.100000,10.000000,0.740649,2,1,610,2990,1.250000,0.000000,4500,no
61,SELL,-0.266770,21:07:23.333009368,no,-,-,-,-,0.100000,10.000000,0.740649,2,1,614,2986,1.250000,0.000000,4500,no
62,SELL,-0.502168,21:07:23.333009368,no,-,-,-,-,0.100000,10.000000,0.740649,2,1,618,2982,1.250000,0.000000,4500,no
63,SELL,-0.672668,21:07:23.333009368,no,-,-,-,-,0.100000,10.000000,0.740649,2,1,625,2975,1.250000,0.000000,4500,no
64,SELL,-0.467407,21:07:23.333009368,no,-,-,-,-,0.100000,10.000000,0.740649,2,1,630,2970,1.250000,0.000000,4500,no
65,SELL,-0.626529,21:07:23.333009368,no,-,-,-,-,0.100000,10.000000,0.740649,2,1,633,2967,1.250000,0.000000,4500,no
66,SELL,-0.574232,21:07:23.333009368,no,-,-,-,-,0.100000,10.000000,0.740649,2,1,640,2960,1.250000,0.000000,4500,no
67,SELL,-0.236656,21:07:23.333009368,no,-,-,-,-,0.100000,10.000000,0.740649,2,1,645,2955,1.250000,0.000000,4500,no
68,SELL,-0.121683,21:07:23.333009368,no,-,-,-,-,0.100000,10.000000,0.740649,2,1,648,2952,1.250000,0.000000,4500,no
69,SELL,-0.001658,21:07:23.333009368,no,-,-,-,-,0.100000,10.000000,0.740649,2,1,651,2949,1.250000,0.000000,4500,no
70,SELL,-0.144597,21:07:23.333009368,no,-,-,-,-,0.100000,10.000000,0.740649,2,1,655,2945,1.250000,0.000000,4500,no
71,SELL,0.019244,21:07:23.333009368,no,-,-,-,-,0.100000,10.000000,0.740649,2,1,658,2942,1.250000,0.000000,4500,no
72,SELL,0.100172,21:07:23.333009368,no,-,-,-,-,0.100000,10.000000,0.740649,2,1,663,2937,1.250000,0.000000,4500,no
73,SELL,0.049394,21:07:23.333009368,no,-,-,-,-,0.100000,10.000000,0.740649,2,1,667,2933,1.250000,0.000000,4500,no
74,SELL,0.191330,21:07:23.333009368,no,-,-,-,-,0.100000,10.000000,0.740649,2,1,670,2930,1.250000,0.000000,4500,no
75,SELL,0.503919,21:07:23.333009368,no,-,-,-,-,0.100000,10.000000,0.740649,2,1,673,2927,1.250000,0.000000,4500,no
76,SELL,-0.495483,21:07:23.333009368,no,-,-,-,-,0.100000,10.000000,0.740649,2,1,677,2923,1.250000,0.000000,4500,no
77,SELL,-0.571716,21:07:23.333009368,no,-,-,-,-,0.100000,10.000000,0.740649,2,1,680,2920,1.250000,0.000000,4500,no
78,SELL,-0.296579,21:07:23.333009368,no,-,-,-,-,0.100000,10.000000,0.740649,2,1,684,2916,1.250000,0.000000,4500,no
79,SELL,-0.182777,21:07:23.333009368,no,-,-,-,-,0.100000,10.000000,0.740649,2,1,687,2913,1.250000,0.000000,4500,no
80,SELL,-0.261822,21:07:23.333009368,no,-,-,-,-,0.100000,10.000000,0.740649,2,1,694,2906,1.250000,0.000000,4500,no
81,SELL,-0.183154,21:07:23.333009368,no,-,-,-,-,0.100000,10.000000,0.740649,2,1,702,2898,1.250000,0.000000,4500,no
82,SELL,-0.187480,21:07:23.333009368,no,-,-,-,-,0.100000,10.000000,0.740649,2,1,716,2884,1.250000,0.000000,4500,no
83,SELL,-0.312805,21:07:23.333009368,no,-,-,-,-,0.100000,10.000000,0.740649,2,1,719,2881,1.250000,0.000000,4500,no
84,SELL,-0.191769,21:07:23.333009368,no,-,-,-,-,0.100000,10.000000,0.740649,2,1,722,2878,1.250000,0.000000,4500,no
85,SELL,-0.349913,21:07:23.333009368,no,-,-,-,-,0.100000,10.000000,0.740649,2,1,738,2862,1.250000,0.000000,4500,no
86,SELL,-1.217358,21:07:23.333009368,no,-,-,-,-,0.100000,10.000000,0.740649,2,1,750,2850,1.250000,0.000000,4500,no
87,SELL,-0.426993,21:07:23.333009368,no,-,-,-,-,0.100000,10.000000,0.740649,2,1,756,2844,1.250000,0.000000,4500,no
88,SELL,0.047900,21:07:23.333009368,no,-,-,-,-,0.100000,10.000000,0.740649,2,1,759,2841,1.250000,0.000000,4500,no
89,SELL,-0.547545,21:07:23.333009368,no,-,-,-,-,0.100000,10.000000,0.740649,2,1,767,2833,1.250000,0.000000,4500,no
90,SELL,-0.384580,21:07:23.333009368,no,-,-,-,-,0.100000,10.000000,0.740649,2,1,771,2829,1.250000,0.000000,4500,no
91,SELL,-0.576883,21:07:23.333009368,no,-,-,-,-,0.100000,10.000000,0.740649,2,1,774,2826,1.250000,0.000000,4500,no
92,SELL,-0.627122,21:07:23.333009368,no,-,-,-,-,0.100000,10.000000,0.740649,2,1,781,2819,1.250000,0.000000,4500,no
93,SELL,-0.687963,21:07:23.333009368,no,-,-,-,-,0.100000,10.000000,0.740649,2,1,785,2815,1.250000,0.000000,4500,no
94,SELL,-0.275107,21:07:23.333009368,no,-,-,-,-,0.100000,10.000000,0.740649,2,1,787,2813,1.250000,0.000000,4500,no
95,SELL,-0.579228,21:07:23.333009368,no,-,-,-,-,0.100000,10.000000,0.740649,2,1,789,2811,1.250000,0.000000,4500,no
96,SELL,-0.416638,21:07:23.333009368,no,-,-,-,-,0.100000,10.000000,0.740649,2,1,796,2804,1.250000,0.000000,4500,no
97,SELL,-0.382303,21:07:23.333009368,no,-,-,-,-,0.100000,10.000000,0.740649,2,1,799,2801,1.250000,0.000000,4500,no
98,SELL,-0.367770,21:07:23.333009368,no,-,-,-,-,0.100000,10.000000,0.740649,2,1,807,2793,1.250000,0.000000,4500,no
99,SELL,-0.348528,21:07:23.333009368,no,-,-,-,-,0.100000,10.000000,0.740649,2,1,810,2790,1.250000,0.000000,4500,no
100,SELL,-0.527088,21:07:23.333009368,no,-,-,-,-,0.100000,10.000000,0.740649,2,1,821,2779,1.250000,0.000000,4500,no
101,SELL,-0.601015,21:07:23.333009368,no,-,-,-,-,0.100000,10.000000,0.740649,2,1,825,2775,1.250000,0.000000,4500,no
102,SELL,-1.074316,21:07:23.333009368,no,-,-,-,-,0.100000,10.000000,0.740649,2,1,829,2771,1.250000,0.000000,4500,no
103,SELL,-1.402631,21:07:23.333009368,no,-,-,-,-,0.100000,10.000000,0.740649,2,1,832,2768,1.250000,0.000000,4500,no
104,SELL,-0.056167,21:07:23.333009368,no,-,-,-,-,0.100000,10.000000,0.740649,2,1,835,2765,1.250000,0.000000,4500,no
105,SELL,-0.042544,21:07:23.333009368,no,-,-,-,-,0.100000,10.000000,0.740649,2,1,838,2762,1.250000,0.000000,4500,no
106,SELL,-0.989946,21:07:23.333009368,no,-,-,-,-,0.100000,10.000000,0.740649,2,1,841,2759,1.250000,0.000000,4500,no
107,SELL,-1.343739,21:07:23.333009368,no,-,-,-,-,0.100000,10.000000,0.740649,2,1,844,2756,1.250000,0.000000,4500,no
108,SELL,-0.013280,21:07:23.333009368,no,-,-,-,-,0.100000,10.000000,0.740649,2,1,848,2752,1.250000,0.000000,4500,no
109,SELL,-0.124930,21:07:23.333009368,no,-,-,-,-,0.100000,10.000000,0.740649,2,1,851,2749,1.250000,0.000000,4500,no
110,SELL,-0.198092,21:07:23.333009368,no,-,-,-,-,0.100000,10.000000,0.740649,2,1,854,2746,1.250000,0.000000,4500,no
111,SELL,-0.309020,21:07:23.333009368,no,-,-,-,-,0.100000,10.000000,0.740649,2,1,858,2742,1.250000,0.000000,4500,no
112,SELL,-0.198256,21:07:23.333009368,no,-,-,-,-,0.100000,10.000000,0.740649,2,1,860,2740,1.250000,0.000000,4500,no
113,SELL,-0.061085,21:07:23.333009368,no,-,-,-,-,0.100000,10.000000,0.740649,2,1,863,2737,1.250000,0.000000,4500,no
114,SELL,0.017514,21:07:23.333009368,no,-,-,-,-,0.100000,10.000000,0.740649,2,1,867,2733,1.250000,0.000000,4500,no
115,SELL,-0.062581,21:07:23.333009368,no,-,-,-,-,0.100000,10.000000,0.740649,2,1,871,2729,1.250000,0.000000,4500,no
116,SELL,-0.099801,21:07:23.333009368,no,-,-,-,-,0.100000,10.000000,0.740649,2,1,878,2722,1.250000,0.000000,4500,no
117,SELL,-1.256104,21:07:23.333009368,no,-,-,-,-,0.100000,10.000000,0.740649,2,1,882,2718,1.250000,0.000000,4500,no
118,SELL,0.087473,21:07:23.333009368,no,-,-,-,-,0.100000,10.000000,0.740649,2,1,885,2715,1.250000,0.000000,4500,no
119,SELL,0.094130,21:07:23.333009368,no,-,-,-,-,0.100000,10.000000,0.740649,2,1,898,2702,1.250000,0.000000,4500,no
120,SELL,-1.064690,21:07:23.333009368,no,-,-,-,-,0.100000,10.000000,0.740649,2,1,902,2698,1.250000,0.000000,4500,no
121,SELL,0.005559,21:07:23.333009368,no,-,-,-,-,0.100000,10.000000,0.740649,2,1,905,2695,1.250000,0.000000,4500,no
122,SELL,0.086653,21:07:23.333009368,no,-,-,-,-,0.100000,10.000000,0.740649,2,1,908,2692,1.250000,0.000000,4500,no
123,SELL,-0.107447,21:07:23.333009368,no,-,-,-,-,0.100000,10.000000,0.740649,2,1,910,2690,1.250000,0.000000,4500,no
124,SELL,-1.586982,21:07:23.333009368,no,-,-,-,-,0.100000,10.000000,0.740649,2,1,1190,2410,1.250000,0.000000,4500,no
125,SELL,-2.348059,21:07:23.333009368,no,-,-,-,-,0.100000,10.000000,0.740649,2,1,1194,2406,1.250000,0.000000,4500,no
126,SELL,-1.037773,21:07:23.333009368,no,-,-,-,-,0.100000,10.000000,0.740649,2,1,1198,2402,1.250000,0.000000,4500,no
127,SELL,-1.091541,21:07:23.333009368,no,-,-,-,-,0.100000,10.000000,0.740649,2,1,1201,2399,1.250000,0.000000,4500,no
128,SELL,-0.646511,21:07:23.333009368,no,-,-,-,-,0.100000,10.000000,0.740649,2,1,1206,2394,1.250000,0.000000,4500,no
129,SELL,-1.700904,21:07:23.333009368,no,-,-,-,-,0.100000,10.000000,0.740649,2,1,1213,2387,1.250000,0.000000,4500,no
130,SELL,-0.764417,21:07:23.333009368,no,-,-,-,-,0.100000,10.000000,0.740649,2,1,1219,2381,1.250000,0.000000,4500,no
131,SELL,-1.683116,21:07:23.333009368,no,-,-,-,-,0.100000,10.000000,0.740649,2,1,1225,2375,1.250000,0.000000,4500,no
132,SELL,-1.576708,21:07:23.333009368,no,-,-,-,-,0.100000,10.000000,0.740649,2,1,1234,2366,1.250000,0.000000,4500,no
133,SELL,-0.505796,21:07:23.333009368,no,-,-,-,-,0.100000,10.000000,0.740649,2,1,1242,2358,1.250000,0.000000,4500,no
134,SELL,-0.717170,21:07:23.333009368,no,-,-,-,-,0.100000,10.000000,0.740649,2,1,1247,2353,1.250000,0.000000,4500,no
135,SELL,-0.840346,21:07:23.333009368,no,-,-,-,-,0.100000,10.000000,0.740649,2,1,1251,2349,1.250000,0.000000,4500,no
136,SELL,-0.745234,21:07:23.333009368,no,-,-,-,-,0.100000,10.000000,0.740649,2,1,1255,2345,1.250000,0.000000,4500,no
137,SELL,-0.542601,21:07:23.333009368,no,-,-,-,-,0.100000,10.000000,0.740649,2,1,1259,2341,1.250000,0.000000,4500,no
138,SELL,-0.766317,21:07:23.333009368,no,-,-,-,-,0.100000,10.000000,0.740649,2,1,1264,2336,1.250000,0.000000,4500,no
139,SELL,-0.636856,21:07:23.333009368,no,-,-,-,-,0.100000,10.000000,0.740649,2,1,1268,2332,1.250000,0.000000,4500,no
140,SELL,-0.767290,21:07:23.333009368,no,-,-,-,-,0.100000,10.000000,0.740649,2,1,1271,2329,1.250000,0.000000,4500,no
141,SELL,0.135163,21:07:23.333009368,no,-,-,-,-,0.100000,10.000000,0.740649,2,1,1275,2325,1.250000,0.000000,4500,no
142,SELL,0.108593,21:07:23.333009368,no,-,-,-,-,0.100000,10.000000,0.740649,2,1,1279,2321,1.250000,0.000000,4500,no
143,SELL,0.158804,21:07:23.333009368,no,-,-,-,-,0.100000,10.000000,0.740649,2,1,1282,2318,1.250000,0.000000,4500,no
144,SELL,0.070726,21:07:23.333009368,no,-,-,-,-,0.100000,10.000000,0.740649,2,1,1287,2313,1.250000,0.000000,4500,no
145,SELL,0.016815,21:07:23.333009368,no,-,-,-,-,0.100000,10.000000,0.740649,2,1,1291,2309,1.250000,0.000000,4500,no
146,SELL,-0.102241,21:07:23.333009368,no,-,-,-,-,0.100000,10.000000,0.740649,2,1,1297,2303,1.250000,0.000000,4500,no
147,SELL,-0.476393,21:07:23.333009368,no,-,-,-,-,0.100000,10.000000,0.740649,2,1,1300,2300,1.250000,0.000000,4500,no
148,SELL,-0.465181,21:07:23.333009368,no,-,-,-,-,0.100000,10.000000,0.740649,2,1,1304,2296,1.250000,0.000000,4500,no
149,SELL,-0.532804,21:07:23.333009368,no,-,-,-,-,0.100000,10.000000,0.740649,2,1,1308,2292,1.250000,0.000000,4500,no
150,SELL,-0.503711,21:07:23.333009368,no,-,-,-,-,0.100000,10.000000,0.740649,2,1,1320,2280,1.250000,0.000000,4500,no
151,SELL,0.346163,21:07:23.333009368,no,-,-,-,-,0.100000,10.000000,0.740649,2,1,1330,2270,1.250000,0.000000,4500,no
152,SELL,0.073035,21:07:23.333009368,no,-,-,-,-,0.100000,10.000000,0.740649,2,1,1335,2265,1.250000,0.000000,4500,no
153,SELL,0.509398,21:07:23.333009368,no,-,-,-,-,0.100000,10.000000,0.740649,2,1,1338,2262,1.250000,0.000000,4500,no
154,SELL,0.883833,21:07:23.333009368,no,-,-,-,-,0.100000,10.000000,0.740649,2,1,1342,2258,1.250000,0.000000,4500,no
155,SELL,0.426330,21:07:23.333009368,no,-,-,-,-,0.100000,10.000000,0.740649,2,1,1348,2252,1.250000,0.000000,4500,no
156,SELL,1.036617,21:07:23.333009368,no,-,-,-,-,0.100000,10.000000,0.740649,2,1,1351,2249,1.250000,0.000000,4500,no
157,SELL,1.639643,21:07:23.333009368,no,-,-,-,-,0.100000,10.000000,0.740649,2,1,1358,2242,1.250000,0.000000,4500,no
158,SELL,1.233908,21:07:23.333009368,no,-,-,-,-,0.100000,10.000000,0.740649,2,1,1361,2239,1.250000,0.000000,4500,no
159,SELL,1.619048,21:07:23.333009368,no,-,-,-,-,0.100000,10.000000,0.740649,2,1,1365,2235,1.250000,0.000000,4500,no
160,SELL,0.226532,21:07:23.333009368,no,-,-,-,-,0.100000,10.000000,0.740649,2,1,1369,2231,1.250000,0.000000,4500,no
161,SELL,-0.682755,21:07:23.333009368,no,-,-,-,-,0.100000,10.000000,0.740649,2,1,1422,2178,1.250000,0.000000,4500,no
162,SELL,-0.388612,21:07:23.333009368,no,-,-,-,-,0.100000,10.000000,0.740649,2,1,1428,2172,1.250000,0.000000,4500,no
163,SELL,0.572015,21:07:23.333009368,no,-,-,-,-,0.100000,10.000000,0.740649,2,1,1494,2106,1.250000,0.000000,4500,no
164,SELL,-0.091521,21:07:23.333009368,no,-,-,-,-,0.100000,10.000000,0.740649,2,1,1552,2048,1.250000,0.000000,4500,no
165,SELL,-0.146355,21:07:23.333009368,no,-,-,-,-,0.100000,10.000000,0.740649,2,1,1577,2023,1.250000,0.000000,4500,no
166,SELL,-0.280833,21:07:23.333009368,no,-,-,-,-,0.100000,10.000000,0.740649,2,1,1580,2020,1.250000,0.000000,4500,no
167,SELL,-0.174904,21:07:23.333009368,no,-,-,-,-,0.100000,10.000000,0.740649,2,1,1584,2016,1.250000,0.000000,4500,no
168,SELL,-0.426539,21:07:23.333009368,no,-,-,-,-,0.100000,10.000000,0.740649,2,1,1587,2013,1.250000,0.000000,4500,no
169,SELL,-0.875672,21:07:23.333009368,no,-,-,-,-,0.100000,10.000000,0.740649,2,1,1593,2007,1.250000,0.000000,4500,no
170,SELL,-0.215721,21:07:23.333009368,no,-,-,-,-,0.100000,10.000000,0.740649,2,1,1638,1962,1.250000,0.000000,4500,no
171,SELL,-0.395866,21:07:23.333009368,no,-,-,-,-,0.100000,10.000000,0.740649,2,1,1655,1945,1.250000,0.000000,4500,no
172,SELL,3.053381,21:07:23.333009368,no,-,-,-,-,0.100000,10.000000,0.740649,2,1,4926,-1326,1.250000,0.000000,4500,yes
173,SELL,2.305524,21:07:23.333009368,no,-,-,-,-,0.100000,10.000000,0.740649,2,1,4930,-1330,1.250000,0.000000,4500,yes
174,SELL,1.281953,21:07:23.333009368,no,-,-,-,-,0.100000,10.000000,0.740649,2,1,4938,-1338,1.250000,0.000000,4500,yes
175,SELL,2.878914,21:07:23.333009368,no,-,-,-,-,0.100000,10.000000,0.740649,2,1,4949,-1349,1.250000,0.000000,4500,yes
176,SELL,1.386681,21:07:23.333009368,no,-,-,-,-,0.100000,10.000000,0.740649,2,1,4957,-1357,1.250000,0.000000,4500,yes
177,SELL,2.207714,21:07:23.333009368,no,-,-,-,-,0.100000,10.000000,0.740649,2,1,4960,-1360,1.250000,0.000000,4500,yes
178,SELL,1.091179,21:07:23.333009368,no,-,-,-,-,0.100000,10.000000,0.740649,2,1,4972,-1372,1.250000,0.000000,4500,yes
179,SELL,2.139801,21:07:23.333009368,no,-,-,-,-,0.100000,10.000000,0.740649,2,1,4977,-1377,1.250000,0.000000,4500,yes
180,SELL,0.342153,21:07:23.333009368,no,-,-,-,-,0.100000,10.000000,0.740649,2,1,4984,-1384,1.250000,0.000000,4500,yes
181,SELL,1.285285,21:07:23.333009368,no,-,-,-,-,0.100000,10.000000,0.740649,2,1,4990,-1390,1.250000,0.000000,4500,yes
182,SELL,0.422121,21:07:23.333009368,no,-,-,-,-,0.100000,10.000000,0.740649,2,1,4994,-1394,1.250000,0.000000,4500,yes
183,SELL,1.006861,21:07:23.333009368,no,-,-,-,-,0.100000,10.000000,0.740649,2,1,5003,-1403,1.250000,0.000000,4500,yes
184,SELL,0.076161,21:07:23.333009368,no,-,-,-,-,0.100000,10.000000,0.740649,2,1,5007,-1407,1.250000,0.000000,4500,yes
185,SELL,0.672838,21:07:23.333009368,no,-,-,-,-,0.100000,10.000000,0.740649,2,1,5030,-1430,1.250000,0.000000,4500,yes
186,SELL,0.134226,21:07:23.333009368,no,-,-,-,-,0.100000,10.000000,0.740649,2,1,5035,-1435,1.250000,0.000000,4500,yes
187,SELL,0.233087,21:07:23.333009368,no,-,-,-,-,0.100000,10.000000,0.740649,2,1,5038,-1438,1.250000,0.000000,4500,yes
188,SELL,-0.513306,21:07:23.333009368,no,-,-,-,-,0.100000,10.000000,0.740649,2,1,5049,-1449,1.250000,0.000000,4500,yes
189,SELL,-0.163008,21:07:23.333009368,no,-,-,-,-,0.100000,10.000000,0.740649,2,1,11325,-7725,1.250000,0.000000,4500,yes
190,SELL,2.435637,21:07:23.333009368,no,-,-,-,-,0.100000,10.000000,0.740649,2,1,11335,-7735,1.250000,0.000000,4500,yes
191,SELL,0.739628,21:07:23.333009368,no,-,-,-,-,0.100000,10.000000,0.740649,2,1,11347,-7747,1.250000,0.000000,4500,yes
192,SELL,1.068498,21:07:23.333009368,no,-,-,-,-,0.100000,10.000000,0.740649,2,1,11357,-7757,1.250000,0.000000,4500,yes
193,SELL,2.209661,21:07:23.333009368,no,-,-,-,-,0.100000,10.000000,0.740649,2,1,11367,-7767,1.250000,0.000000,4500,yes
194,SELL,3.558582,21:07:23.333009368,no,-,-,-,-,0.100000,10.000000,0.740649,2,1,11379,-7779,1.250000,0.000000,4500,yes
195,SELL,2.524296,21:07:23.333009368,no,-,-,-,-,0.100000,10.000000,0.740649,2,1,11388,-7788,1.250000,0.000000,4500,yes
196,SELL,3.057156,21:07:23.333009368,no,-,-,-,-,0.100000,10.000000,0.740649,2,1,11399,-7799,1.250000,0.000000,4500,yes
197,SELL,2.962315,21:07:23.333009368,no,-,-,-,-,0.100000,10.000000,0.740649,2,1,11411,-7811,1.250000,0.000000,4500,yes
198,SELL,-1.455986,21:07:23.333009368,no,-,-,-,-,0.100000,10.000000,0.740649,2,1,11421,-7821,1.250000,0.000000,4500,yes
199,SELL,-1.530897,21:07:23.333009368,no,-,-,-,-,0.100000,10.000000,0.740649,2,1,11431,-7831,1.250000,0.000000,4500,yes
200,SELL,-0.767122,21:07:23.333009368,no,-,-,-,-,0.100000,10.000000,0.740649,2,1,11443,-7843,1.250000,0.000000,4500,yes
201,SELL,-1.530586,21:07:23.333009368,no,-,-,-,-,0.100000,10.000000,0.740649,2,1,11453,-7853,1.250000,0.000000,4500,yes
202,SELL,-2.701980,21:07:23.333009368,no,-,-,-,-,0.100000,10.000000,0.740649,2,1,11464,-7864,1.250000,0.000000,4500,yes
203,SELL,-1.564321,21:07:23.333009368,no,-,-,-,-,0.100000,10.000000,0.740649,2,1,11474,-7874,1.250000,0.000000,4500,yes
204,SELL,-1.202886,21:07:23.333009368,no,-,-,-,-,0.100000,10.000000,0.740649,2,1,11486,-7886,1.250000,0.000000,4500,yes
205,SELL,-0.477578,21:07:23.333009368,no,-,-,-,-,0.100000,10.000000,0.740649,2,1,11496,-7896,1.250000,0.000000,4500,yes
206,SELL,-2.343878,21:07:23.333009368,no,-,-,-,-,0.100000,10.000000,0.740649,2,1,11508,-7908,1.250000,0.000000,4500,yes
207,SELL,-1.469278,21:07:23.333009368,no,-,-,-,-,0.100000,10.000000,0.740649,2,1,11514,-7914,1.250000,0.000000,4500,yes
208,SELL,-2.469991,21:07:23.333009368,no,-,-,-,-,0.100000,10.000000,0.740649,2,1,11530,-7930,1.250000,0.000000,4500,yes
209,SELL,-1.555673,21:07:23.333009368,no,-,-,-,-,0.100000,10.000000,0.740649,2,1,11541,-7941,1.250000,0.000000,4500,yes
210,SELL,-1.812501,21:07:23.333009368,no,-,-,-,-,0.100000,10.000000,0.740649,2,1,11551,-7951,1.250000,0.000000,4500,yes
211,SELL,-0.431070,21:07:23.333009368,no,-,-,-,-,0.100000,10.000000,0.740649,2,1,11562,-7962,1.250000,0.000000,4500,yes
212,SELL,-2.049354,21:07:23.333009368,no,-,-,-,-,0.100000,10.000000,0.740649,2,1,11574,-7974,1.250000,0.000000,4500,yes
213,SELL,-1.528687,21:07:23.333009368,no,-,-,-,-,0.100000,10.000000,0.740649,2,1,11584,-7984,1.250000,0.000000,4500,yes
214,SELL,-0.232638,21:07:23.333009368,no,-,-,-,-,0.100000,10.000000,0.740649,2,1,11595,-7995,1.250000,0.000000,4500,yes
215,SELL,0.607298,21:07:23.333009368,no,-,-,-,-,0.100000,10.000000,0.740649,2,1,11605,-8005,1.250000,0.000000,4500,yes
216,SELL,-0.762357,21:07:23.333009368,no,-,-,-,-,0.100000,10.000000,0.740649,2,1,11616,-8016,1.250000,0.000000,4500,yes
217,SELL,-3.246619,21:07:23.333009368,no,-,-,-,-,0.100000,10.000000,0.740649,2,1,11627,-8027,1.250000,0.000000,4500,yes
218,SELL,-5.322223,21:07:23.333009368,no,-,-,-,-,0.100000,10.000000,0.740649,2,1,11638,-8038,1.250000,0.000000,4500,yes
219,SELL,0.552099,21:07:23.333009368,no,-,-,-,-,0.100000,10.000000,0.740649,2,1,11648,-8048,1.250000,0.000000,4500,yes
220,SELL,-1.385932,21:07:23.333009368,no,-,-,-,-,0.100000,10.000000,0.740649,2,1,11659,-8059,1.250000,0.000000,4500,yes
221,SELL,2.960069,21:07:23.333009368,no,-,-,-,-,0.100000,10.000000,0.740649,2,1,11669,-8069,1.250000,0.000000,4500,yes
222,SELL,-1.659169,21:07:23.333009368,no,-,-,-,-,0.100000,10.000000,0.740649,2,1,11681,-8081,1.250000,0.000000,4500,yes
223,SELL,-2.878634,21:07:23.333009368,no,-,-,-,-,0.100000,10.000000,0.740649,2,1,11691,-8091,1.250000,0.000000,4500,yes
224,SELL,-3.413447,21:07:23.333009368,no,-,-,-,-,0.100000,10.000000,0.740649,2,1,11701,-8101,1.250000,0.000000,4500,yes
225,SELL,-3.520660,21:07:23.333009368,no,-,-,-,-,0.100000,10.000000,0.740649,2,1,11712,-8112,1.250000,0.000000,4500,yes
226,SELL,-4.507978,21:07:23.333009368,no,-,-,-,-,0.100000,10.000000,0.740649,2,1,11722,-8122,1.250000,0.000000,4500,yes
227,SELL,-4.076657,21:07:23.333009368,no,-,-,-,-,0.100000,10.000000,0.740649,2,1,11733,-8133,1.250000,0.000000,4500,yes
228,SELL,-1.586918,21:07:23.333009368,no,-,-,-,-,0.100000,10.000000,0.740649,2,1,11743,-8143,1.250000,0.000000,4500,yes
229,SELL,-2.418825,21:07:23.333009368,no,-,-,-,-,0.100000,10.000000,0.740649,2,1,11754,-8154,1.250000,0.000000,4500,yes
230,SELL,-1.822944,21:07:23.333009368,no,-,-,-,-,0.100000,10.000000,0.740649,2,1,11765,-8165,1.250000,0.000000,4500,yes
231,SELL,-0.907969,21:07:23.333009368,no,-,-,-,-,0.100000,10.000000,0.740649,2,1,11776,-8176,1.250000,0.000000,4500,yes
232,SELL,-1.097555,21:07:23.333009368,no,-,-,-,-,0.100000,10.000000,0.740649,2,1,11785,-8185,1.250000,0.000000,4500,yes
233,SELL,-1.480798,21:07:23.333009368,no,-,-,-,-,0.100000,10.000000,0.740649,2,1,11796,-8196,1.250000,0.000000,4500,yes
234,SELL,-2.865108,21:07:23.333009368,no,-,-,-,-,0.100000,10.000000,0.740649,2,1,11806,-8206,1.250000,0.000000,4500,yes
235,SELL,-2.333633,21:07:23.333009368,no,-,-,-,-,0.100000,10.000000,0.740649,2,1,11818,-8218,1.250000,0.000000,4500,yes
236,SELL,-0.315624,21:07:23.333009368,no,-,-,-,-,0.100000,10.000000,0.740649,2,1,11828,-8228,1.250000,0.000000,4500,yes
237,SELL,1.658242,21:07:23.333009368,no,-,-,-,-,0.100000,10.000000,0.740649,2,1,11838,-8238,1.250000,0.000000,4500,yes
238,SELL,-1.781935,21:07:23.333009368,no,-,-,-,-,0.100000,10.000000,0.740649,2,1,11848,-8248,1.250000,0.000000,4500,yes
239,SELL,-0.522885,21:07:23.333009368,no,-,-,-,-,0.100000,10.000000,0.740649,2,1,11859,-8259,1.250000,0.000000,4500,yes
240,SELL,-1.518436,21:07:23.333009368,no,-,-,-,-,0.100000,10.000000,0.740649,2,1,11870,-8270,1.250000,0.000000,4500,yes
241,SELL,-1.125710,21:07:23.333009368,no,-,-,-,-,0.100000,10.000000,0.740649,2,1,11931,-8331,1.250000,0.000000,4500,yes
242,SELL,0.568519,21:07:23.333009368,no,-,-,-,-,0.100000,10.000000,0.740649,2,1,11937,-8337,1.250000,0.000000,4500,yes
243,SELL,-0.025091,21:07:23.333009368,no,-,-,-,-,0.100000,10.000000,0.740649,2,1,11943,-8343,1.250000,0.000000,4500,yes
244,SELL,-1.217968,21:07:23.333009368,no,-,-,-,-,0.100000,10.000000,0.740649,2,1,11953,-8353,1.250000,0.000000,4500,yes
245,SELL,0.124308,21:07:23.333009368,no,-,-,-,-,0.100000,10.000000,0.740649,2,1,11964,-8364,1.250000,0.000000,4500,yes
246,SELL,2.745347,21:07:23.333009368,no,-,-,-,-,0.100000,10.000000,0.740649,2,1,11974,-8374,1.250000,0.000000,4500,yes
247,SELL,-3.485042,21:07:23.333009368,no,-,-,-,-,0.100000,10.000000,0.740649,2,1,11986,-8386,1.250000,0.000000,4500,yes
248,SELL,-3.778764,21:07:23.333009368,no,-,-,-,-,0.100000,10.000000,0.740649,2,1,11996,-8396,1.250000,0.000000,4500,yes
249,SELL,-5.025558,21:07:23.333009368,no,-,-,-,-,0.100000,10.000000,0.740649,2,1,12006,-8406,1.250000,0.000000,4500,yes
250,SELL,-4.817832,21:07:23.333009368,no,-,-,-,-,0.100000,10.000000,0.740649,2,1,12017,-8417,1.250000,0.000000,4500,yes
251,SELL,-5.061524,21:07:23.333009368,no,-,-,-,-,0.100000,10.000000,0.740649,2,1,12027,-8427,1.250000,0.000000,4500,yes
252,SELL,-4.073013,21:07:23.333009368,no,-,-,-,-,0.100000,10.000000,0.740649,2,1,12038,-8438,1.250000,0.000000,4500,yes
253,SELL,-1.561906,21:07:23.333009368,no,-,-,-,-,0.100000,10.000000,0.740649,2,1,12049,-8449,1.250000,0.000000,4500,yes
254,SELL,-1.357100,21:07:23.333009368,no,-,-,-,-,0.100000,10.000000,0.740649,2,1,18250,-14650,1.250000,0.000000,4500,yes
255,SELL,-3.638858,21:07:23.333009368,no,-,-,-,-,0.100000,10.000000,0.740649,2,1,18254,-14654,1.250000,0.000000,4500,yes
