轮数,方向,预测值,算法开始时间,是否下单,下单价格,档位,下单量,下单耗时(从预测到下单),r1,r2,std,freq,qty_scalar,经过时间,剩余时间,目标速度,实际速度,剩余量,是否为最后一轮
1,BUY,-0.621114,21:07:23.333471471,no,-,-,-,-,0.909091,1.100000,1.286130,2,1,332,3268,13.750000,0.000000,49500,no
2,BUY,-0.433106,21:07:23.333471471,no,-,-,-,-,0.826446,1.210000,1.286130,2,1,335,3265,13.750000,0.000000,49500,no
3,BUY,-0.485832,21:07:23.333471471,no,-,-,-,-,0.751315,1.331000,1.286130,2,1,339,3261,13.750000,0.000000,49500,no
4,BUY,-0.460349,21:07:23.333471471,no,-,-,-,-,0.683013,1.464100,1.286130,2,1,343,3257,13.750000,0.000000,49500,no
5,BUY,-0.452488,21:07:23.333471471,no,-,-,-,-,0.620921,1.610510,1.286130,2,1,347,3253,13.750000,0.000000,49500,no
6,BUY,-0.577817,21:07:23.333471471,no,-,-,-,-,0.564474,1.771561,1.286130,2,1,351,3249,13.750000,0.000000,49500,no
7,BUY,-0.794933,21:07:23.333471471,no,-,-,-,-,0.513158,1.948717,1.286130,2,1,356,3244,13.750000,0.000000,49500,no
8,BUY,-0.617063,21:07:23.333471471,no,-,-,-,-,0.466507,2.143589,1.286130,2,1,360,3240,13.750000,0.000000,49500,no
9,BUY,-0.548496,21:07:23.333471471,no,-,-,-,-,0.424098,2.357948,1.286130,2,1,363,3237,13.750000,0.000000,49500,no
10,BUY,-0.692592,21:07:23.333471471,no,-,-,-,-,0.385543,2.593742,1.286130,2,1,367,3233,13.750000,0.000000,49500,no
11,BUY,-0.621098,21:07:23.333471471,no,-,-,-,-,0.350494,2.853117,1.286130,2,1,370,3230,13.750000,0.000000,49500,no
12,BUY,-0.976597,21:07:23.333471471,no,-,-,-,-,0.318631,3.138428,1.286130,2,1,373,3227,13.750000,0.000000,49500,no
13,BUY,-0.797063,21:07:23.333471471,no,-,-,-,-,0.289664,3.452271,1.286130,2,1,377,3223,13.750000,0.000000,49500,no
14,BUY,-0.818272,21:07:23.333471471,no,-,-,-,-,0.263331,3.797498,1.286130,2,1,381,3219,13.750000,0.000000,49500,no
15,BUY,-1.024019,21:07:23.333471471,no,-,-,-,-,0.239392,4.177248,1.286130,2,1,383,3217,13.750000,0.000000,49500,no
16,BUY,-1.206043,21:07:23.333471471,no,-,-,-,-,0.217629,4.594973,1.286130,2,1,387,3213,13.750000,0.000000,49500,no
17,BUY,-1.178544,21:07:23.333471471,no,-,-,-,-,0.197845,5.054470,1.286130,2,1,392,3208,13.750000,0.000000,49500,no
18,BUY,-0.977284,21:07:23.333471471,no,-,-,-,-,0.179859,5.559917,1.286130,2,1,397,3203,13.750000,0.000000,49500,no
19,BUY,-0.718954,21:07:23.333471471,no,-,-,-,-,0.163508,6.115909,1.286130,2,1,399,3201,13.750000,0.000000,49500,no
20,BUY,-0.784803,21:07:23.333471471,no,-,-,-,-,0.148644,6.727500,1.286130,2,1,402,3198,13.750000,0.000000,49500,no
21,BUY,0.097623,21:07:23.333471471,no,-,-,-,-,0.135131,7.400250,1.286130,2,1,406,3194,13.750000,0.000000,49500,no
22,BUY,0.497107,21:07:23.333471471,yes,12.420000,ask1,800,00:00:00.000086804,0.122846,8.140275,1.286130,2,1,410,3190,13.750000,1.951200,48700,no
23,BUY,0.186902,21:07:23.333471471,yes,12.430000,ask1,800,00:00:00.000064695,0.111678,8.954302,1.286130,2,1,412,3188,13.750000,1.941700,48700,no
24,BUY,-0.176953,21:07:23.333471471,no,-,-,-,-,0.101526,9.849733,1.286130,2,1,417,3183,13.750000,3.836900,47900,no
25,BUY,-0.328291,21:07:23.333471471,no,-,-,-,-,0.100000,10.000000,1.286130,2,1,422,3178,13.750000,3.791400,47900,no
26,BUY,-0.274464,21:07:23.333471471,no,-,-,-,-,0.100000,10.000000,1.286130,2,1,427,3173,13.750000,3.747000,47900,no
27,BUY,-0.031017,21:07:23.333471471,no,-,-,-,-,0.100000,10.000000,1.286130,2,1,432,3168,13.750000,3.703700,47900,no
28,BUY,-0.430582,21:07:23.333471471,no,-,-,-,-,0.100000,10.000000,1.286130,2,1,438,3162,13.750000,3.652900,47900,no
29,BUY,-0.352753,21:07:23.333471471,no,-,-,-,-,0.100000,10.000000,1.286130,2,1,441,3159,13.750000,3.628100,47900,no
30,BUY,-0.412059,21:07:23.333471471,no,-,-,-,-,0.100000,10.000000,1.286130,2,1,445,3155,13.750000,3.595500,47900,no
31,BUY,0.627833,21:07:23.333471471,yes,12.420000,ask1,1000,00:00:00.000054231,0.100000,10.000000,1.286130,2,1,448,3152,13.750000,5.803500,46900,no
32,BUY,-0.294308,21:07:23.333471471,no,-,-,-,-,0.100000,10.000000,1.286130,2,1,451,3149,13.750000,5.764900,46900,no
33,BUY,-0.058362,21:07:23.333471471,no,-,-,-,-,0.100000,10.000000,1.286130,2,1,457,3143,13.750000,5.689200,46900,no
34,BUY,0.003837,21:07:23.333471471,no,-,-,-,-,0.100000,10.000000,1.286130,2,1,460,3140,13.750000,5.652100,46900,no
35,BUY,-0.060790,21:07:23.333471471,no,-,-,-,-,0.100000,10.000000,1.286130,2,1,464,3136,13.750000,5.603400,46900,no
36,BUY,-0.074445,21:07:23.333471471,no,-,-,-,-,0.100000,10.000000,1.286130,2,1,467,3133,13.750000,5.567400,46900,no
37,BUY,-0.295263,21:07:23.333471471,no,-,-,-,-,0.100000,10.000000,1.286130,2,1,471,3129,13.750000,5.520100,46900,no
38,BUY,0.015036,21:07:23.333471471,no,-,-,-,-,0.100000,10.000000,1.286130,2,1,475,3125,13.750000,5.473600,46900,no
39,BUY,-0.199484,21:07:23.333471471,no,-,-,-,-,0.100000,10.000000,1.286130,2,1,480,3120,13.750000,5.416600,46900,no
40,BUY,-0.054148,21:07:23.333471471,no,-,-,-,-,0.100000,10.000000,1.286130,2,1,482,3118,13.750000,5.394100,46900,no
41,BUY,-0.015210,21:07:23.333471471,no,-,-,-,-,0.100000,10.000000,1.286130,2,1,487,3113,13.750000,5.338800,46900,no
42,BUY,0.074662,21:07:23.333471471,no,-,-,-,-,0.100000,10.000000,1.286130,2,1,490,3110,13.750000,5.306100,46900,no
43,BUY,-0.087175,21:07:23.333471471,no,-,-,-,-,0.100000,10.000000,1.286130,2,1,495,3105,13.750000,5.252500,46900,no
44,BUY,-0.141471,21:07:23.333471471,no,-,-,-,-,0.100000,10.000000,1.286130,2,1,501,3099,13.750000,5.189600,46900,no
45,BUY,-0.055057,21:07:23.333471471,no,-,-,-,-,0.100000,10.000000,1.286130,2,1,505,3095,13.750000,5.148500,46900,no
46,BUY,-0.149334,21:07:23.333471471,no,-,-,-,-,0.100000,10.000000,1.286130,2,1,509,3091,13.750000,5.108000,46900,no
47,BUY,-0.341458,21:07:23.333471471,no,-,-,-,-,0.100000,10.000000,1.286130,2,1,513,3087,13.750000,5.068200,46900,no
48,BUY,0.335582,21:07:23.333471471,yes,12.430000,ask1,1000,00:00:00.000043629,0.100000,10.000000,1.286130,2,1,518,3082,13.750000,6.949800,45900,no
49,BUY,-0.010437,21:07:23.333471471,no,-,-,-,-,0.100000,10.000000,1.286130,2,1,522,3078,13.750000,6.896500,45900,no
50,BUY,-0.004373,21:07:23.333471471,no,-,-,-,-,0.100000,10.000000,1.286130,2,1,527,3073,13.750000,6.831100,45900,no
51,BUY,0.034567,21:07:23.333471471,no,-,-,-,-,0.100000,10.000000,1.286130,2,1,530,3070,13.750000,6.792400,45900,no
52,BUY,0.169959,21:07:23.333471471,yes,12.430000,ask1,1000,00:00:00.000045849,0.100000,10.000000,1.286130,2,1,535,3065,13.750000,8.598100,44900,no
53,BUY,0.172390,21:07:23.333471471,yes,12.430000,ask1,1000,00:00:00.000054945,0.100000,10.000000,1.286130,2,1,539,3061,13.750000,10.389600,43900,no
54,BUY,-0.645973,21:07:23.333471471,no,-,-,-,-,0.100000,10.000000,1.286130,2,1,545,3055,13.750000,10.275200,43900,no
55,BUY,-0.698384,21:07:23.333471471,no,-,-,-,-,0.100000,10.000000,1.286130,2,1,553,3047,13.750000,10.126500,43900,no
56,BUY,-0.779806,21:07:23.333471471,no,-,-,-,-,0.100000,10.000000,1.286130,2,1,557,3043,13.750000,10.053800,43900,no
57,BUY,-0.271558,21:07:23.333471471,no,-,-,-,-,0.100000,10.000000,1.286130,2,1,563,3037,13.750000,9.946700,43900,no
58,BUY,-0.350997,21:07:23.333471471,no,-,-,-,-,0.100000,10.000000,1.286130,2,1,568,3032,13.750000,9.859100,43900,no
59,BUY,-0.702876,21:07:23.333471471,no,-,-,-,-,0.100000,10.000000,1.286130,2,1,571,3029,13.750000,9.807300,43900,no
60,BUY,-0.894350,21:07:23.333471471,no,-,-,-,-,0.100000,10.000000,1.286130,2,1,576,3024,13.750000,9.722200,43900,no
61,BUY,-0.738867,21:07:23.333471471,no,-,-,-,-,0.100000,10.000000,1.286130,2,1,578,3022,13.750000,9.688500,43900,no
62,BUY,-0.178522,21:07:23.333471471,no,-,-,-,-,0.100000,10.000000,1.286130,2,1,583,3017,13.750000,9.605400,43900,no
63,BUY,-0.247470,21:07:23.333471471,no,-,-,-,-,0.100000,10.000000,1.286130,2,1,587,3013,13.750000,9.540000,43900,no
64,BUY,-0.236454,21:07:23.333471471,no,-,-,-,-,0.100000,10.000000,1.286130,2,1,592,3008,13.750000,9.459400,43900,no
65,BUY,-0.123541,21:07:23.333471471,no,-,-,-,-,0.100000,10.000000,1.286130,2,1,595,3005,13.750000,9.411700,43900,no
66,BUY,-0.099679,21:07:23.333471471,no,-,-,-,-,0.100000,10.000000,1.286130,2,1,600,3000,13.750000,9.333300,43900,no
67,BUY,-0.027491,21:07:23.333471471,no,-,-,-,-,0.100000,10.000000,1.286130,2,1,604,2996,13.750000,9.271500,43900,no
68,BUY,0.106554,21:07:23.333471471,no,-,-,-,-,0.100000,10.000000,1.286130,2,1,607,2993,13.750000,9.225700,43900,no
69,BUY,0.009847,21:07:23.333471471,no,-,-,-,-,0.100000,10.000000,1.286130,2,1,610,2990,13.750000,9.180300,43900,no
70,BUY,0.299770,21:07:23.333471471,yes,12.430000,ask1,1000,00:00:00.000075772,0.100000,10.000000,1.286130,2,1,614,2986,13.750000,10.749100,42900,no
71,BUY,0.779624,21:07:23.333471471,yes,12.430000,ask1,1000,00:00:00.000050651,0.100000,10.000000,1.286130,2,1,618,2982,13.750000,12.297700,41900,no
72,BUY,1.375225,21:07:23.333471471,yes,12.430000,ask1,1000,00:00:00.000052538,0.100000,10.000000,1.286130,2,1,621,2979,13.750000,13.848600,40900,no
73,BUY,1.922160,21:07:23.333471471,yes,12.430000,ask1,1000,00:00:00.000048740,0.100000,10.000000,1.286130,2,1,625,2975,13.750000,15.360000,39900,no
74,BUY,0.831707,21:07:23.333471471,yes,12.440000,ask1,1000,00:00:00.000073732,0.100000,10.000000,1.286130,2,1,630,2970,13.750000,16.825300,38900,no
75,BUY,0.716027,21:07:23.333471471,yes,12.440000,ask1,1000,00:00:00.000053763,0.100000,10.000000,1.286130,2,1,633,2967,13.750000,18.325400,37900,no
76,BUY,0.502514,21:07:23.333471471,yes,12.440000,ask1,1000,00:00:00.000051815,0.100000,10.000000,1.286130,2,1,637,2963,13.750000,19.780200,36900,no
77,BUY,0.698881,21:07:23.333471471,yes,12.440000,ask1,1000,00:00:00.000116812,0.100000,10.000000,1.286130,2,1,640,2960,13.750000,21.250000,35900,no
78,BUY,0.669701,21:07:23.333471471,yes,12.440000,ask1,1000,00:00:00.000070375,0.100000,10.000000,1.286130,2,1,642,2958,13.750000,22.741400,34900,no
79,BUY,0.399197,21:07:23.333471471,yes,12.440000,ask1,1000,00:00:00.000069358,0.100000,10.000000,1.286130,2,1,645,2955,13.750000,24.186000,33900,no
80,BUY,0.665464,21:07:23.333471471,yes,12.440000,ask1,1000,00:00:00.000064865,0.100000,10.000000,1.286130,2,1,648,2952,13.750000,25.617200,32900,no
81,BUY,0.589125,21:07:23.333471471,yes,12.440000,ask1,1000,00:00:00.000063869,0.100000,10.000000,1.286130,2,1,651,2949,13.750000,27.035300,31900,no
82,BUY,0.493983,21:07:23.333471471,yes,12.440000,ask1,1000,00:00:00.000065099,0.100000,10.000000,1.286130,2,1,655,2945,13.750000,28.396900,30900,no
83,BUY,0.462067,21:07:23.333471471,yes,12.440000,ask1,900,00:00:00.000066548,0.110000,9.090909,1.286130,2,1,658,2942,13.750000,29.635200,30000,no
84,BUY,3.416861,21:07:23.333471471,yes,12.440000,ask1,800,00:00:00.000039156,0.121000,8.264463,1.286130,2,1,663,2937,13.750000,30.618400,29200,no
85,BUY,3.072352,21:07:23.333471471,yes,12.450000,ask1,700,00:00:00.000053098,0.133100,7.513148,1.286130,2,1,667,2933,13.750000,31.484200,28500,no
86,BUY,0.881047,21:07:23.333471471,yes,12.469900,ask1,600,00:00:00.000055687,0.146410,6.830135,1.286130,2,1,670,2930,13.750000,32.238800,27900,no
87,BUY,1.485746,21:07:23.333471471,yes,12.469900,ask1,600,00:00:00.000062685,0.161051,6.209213,1.286130,2,1,673,2927,13.750000,32.986600,27300,no
88,BUY,1.487811,21:07:23.333471471,yes,12.469900,ask1,500,00:00:00.000052497,0.177156,5.644739,1.286130,2,1,677,2923,13.750000,33.530200,26800,no
89,BUY,0.655418,21:07:23.333471471,yes,12.469900,ask1,500,00:00:00.000057247,0.194872,5.131581,1.286130,2,1,680,2920,13.750000,34.117600,26300,no
90,BUY,-0.349635,21:07:23.333471471,no,-,-,-,-,0.214359,4.665074,1.286130,2,1,684,2916,13.750000,33.918100,26300,no
91,BUY,-0.443304,21:07:23.333471471,no,-,-,-,-,0.235795,4.240976,1.286130,2,1,687,2913,13.750000,33.770000,26300,no
92,BUY,-0.668178,21:07:23.333471471,no,-,-,-,-,0.259374,3.855433,1.286130,2,1,690,2910,13.750000,33.623100,26300,no
93,BUY,-0.606707,21:07:23.333471471,no,-,-,-,-,0.285312,3.504939,1.286130,2,1,694,2906,13.750000,33.429300,26300,no
94,BUY,-0.823203,21:07:23.333471471,no,-,-,-,-,0.313843,3.186308,1.286130,2,1,697,2903,13.750000,33.285500,26300,no
95,BUY,-0.109332,21:07:23.333471471,no,-,-,-,-,0.345227,2.896644,1.286130,2,1,702,2898,13.750000,33.048400,26300,no
96,BUY,0.576657,21:07:23.333471471,yes,12.469900,ask1,200,00:00:00.000051779,0.379750,2.633313,1.286130,2,1,705,2895,13.750000,33.191400,26100,no
97,BUY,-0.296441,21:07:23.333471471,no,-,-,-,-,0.417725,2.393920,1.286130,2,1,707,2893,13.750000,33.097500,26100,no
98,BUY,1.587132,21:07:23.333471471,yes,12.469900,ask1,200,00:00:00.000070181,0.459497,2.176291,1.286130,2,1,711,2889,13.750000,33.192600,25900,no
99,BUY,0.163494,21:07:23.333471471,no,-,-,-,-,0.505447,1.978447,1.286130,2,1,714,2886,13.750000,33.053200,25900,no
100,BUY,0.203883,21:07:23.333471471,no,-,-,-,-,0.555992,1.798588,1.286130,2,1,716,2884,13.750000,32.960800,25900,no
101,BUY,-0.461308,21:07:23.333471471,no,-,-,-,-,0.611591,1.635080,1.286130,2,1,719,2881,13.750000,32.823300,25900,no
102,BUY,-0.796939,21:07:23.333471471,no,-,-,-,-,0.672750,1.486436,1.286130,2,1,722,2878,13.750000,32.686900,25900,no
103,BUY,-1.242037,21:07:23.333471471,no,-,-,-,-,0.740025,1.351306,1.286130,2,1,726,2874,13.750000,32.506800,25900,no
104,BUY,-1.588768,21:07:23.333471471,no,-,-,-,-,0.814027,1.228460,1.286130,2,1,729,2871,13.750000,32.373100,25900,no
105,BUY,-0.608305,21:07:23.333471471,no,-,-,-,-,0.895430,1.116782,1.286130,2,1,733,2867,13.750000,32.196400,25900,no
106,BUY,-0.394365,21:07:23.333471471,no,-,-,-,-,0.984973,1.015256,1.286130,2,1,738,2862,13.750000,31.978300,25900,no
107,BUY,-0.362673,21:07:23.333471471,no,-,-,-,-,1.083471,0.922960,1.286130,2,1,743,2857,13.750000,31.763100,25900,no
108,BUY,-0.642355,21:07:23.333471471,no,-,-,-,-,1.191818,0.839055,1.286130,2,1,750,2850,13.750000,31.466600,25900,no
109,BUY,-0.916894,21:07:23.333471471,no,-,-,-,-,1.310999,0.762777,1.286130,2,1,756,2844,13.750000,31.216900,25900,no
110,BUY,-0.818419,21:07:23.333471471,no,-,-,-,-,1.442099,0.693433,1.286130,2,1,759,2841,13.750000,31.093500,25900,no
111,BUY,-0.636291,21:07:23.333471471,no,-,-,-,-,1.586309,0.630394,1.286130,2,1,764,2836,13.750000,30.890000,25900,no
112,BUY,-0.459449,21:07:23.333471471,no,-,-,-,-,1.744940,0.573086,1.286130,2,1,767,2833,13.750000,30.769200,25900,no
113,BUY,-0.192297,21:07:23.333471471,no,-,-,-,-,1.919434,0.520987,1.286130,2,1,771,2829,13.750000,30.609500,25900,no
114,BUY,0.093020,21:07:23.333471471,no,-,-,-,-,2.111378,0.473624,1.286130,2,1,774,2826,13.750000,30.490900,25900,no
115,BUY,-0.356791,21:07:23.333471471,no,-,-,-,-,2.322515,0.430568,1.286130,2,1,777,2823,13.750000,30.373200,25900,no
116,BUY,-0.138857,21:07:23.333471471,no,-,-,-,-,2.554767,0.391425,1.286130,2,1,782,2818,13.750000,30.179000,25900,no
117,BUY,-0.147550,21:07:23.333471471,no,-,-,-,-,2.810244,0.355841,1.286130,2,1,785,2815,13.750000,30.063600,25900,no
118,BUY,-0.250226,21:07:23.333471471,no,-,-,-,-,3.091268,0.323492,1.286130,2,1,787,2813,13.750000,29.987200,25900,no
119,BUY,-0.155777,21:07:23.333471471,no,-,-,-,-,3.400395,0.294083,1.286130,2,1,790,2810,13.750000,29.873400,25900,no
120,BUY,0.003583,21:07:23.333471471,no,-,-,-,-,3.740434,0.267349,1.286130,2,1,793,2807,13.750000,29.760400,25900,no
121,BUY,-0.256937,21:07:23.333471471,no,-,-,-,-,4.114478,0.243044,1.286130,2,1,796,2804,13.750000,29.648200,25900,no
122,BUY,-0.146086,21:07:23.333471471,no,-,-,-,-,4.525926,0.220949,1.286130,2,1,799,2801,13.750000,29.536900,25900,no
123,BUY,0.290527,21:07:23.333471471,no,-,-,-,-,4.978518,0.200863,1.286130,2,1,803,2797,13.750000,29.389700,25900,no
124,BUY,0.210306,21:07:23.333471471,no,-,-,-,-,5.476370,0.182603,1.286130,2,1,808,2792,13.750000,29.207900,25900,no
125,BUY,0.215906,21:07:23.333471471,no,-,-,-,-,6.024007,0.166002,1.286130,2,1,810,2790,13.750000,29.135800,25900,no
126,BUY,0.571559,21:07:23.333471471,no,-,-,-,-,6.626408,0.150911,1.286130,2,1,814,2786,13.750000,28.992600,25900,no
127,BUY,-0.310691,21:07:23.333471471,no,-,-,-,-,7.289048,0.137192,1.286130,2,1,819,2781,13.750000,28.815600,25900,no
128,BUY,-0.225362,21:07:23.333471471,no,-,-,-,-,8.017953,0.124720,1.286130,2,1,821,2779,13.750000,28.745400,25900,no
129,BUY,-0.363453,21:07:23.333471471,no,-,-,-,-,8.819749,0.113382,1.286130,2,1,825,2775,13.750000,28.606000,25900,no
130,BUY,-0.444079,21:07:23.333471471,no,-,-,-,-,9.701723,0.103074,1.286130,2,1,829,2771,13.750000,28.468000,25900,no
131,BUY,-0.281984,21:07:23.333471471,no,-,-,-,-,10.000000,0.100000,1.286130,2,1,832,2768,13.750000,28.365300,25900,no
132,BUY,-0.369144,21:07:23.333471471,no,-,-,-,-,10.000000,0.100000,1.286130,2,1,835,2765,13.750000,28.263400,25900,no
133,BUY,-0.309319,21:07:23.333471471,no,-,-,-,-,10.000000,0.100000,1.286130,2,1,838,2762,13.750000,28.162200,25900,no
134,BUY,-0.205507,21:07:23.333471471,no,-,-,-,-,10.000000,0.100000,1.286130,2,1,841,2759,13.750000,28.061800,25900,no
135,BUY,-0.150518,21:07:23.333471471,no,-,-,-,-,10.000000,0.100000,1.286130,2,1,844,2756,13.750000,27.962000,25900,no
136,BUY,-0.327917,21:07:23.333471471,no,-,-,-,-,10.000000,0.100000,1.286130,2,1,848,2752,13.750000,27.830100,25900,no
137,BUY,-0.099817,21:07:23.333471471,no,-,-,-,-,10.000000,0.100000,1.286130,2,1,851,2749,13.750000,27.732000,25900,no
138,BUY,-0.207809,21:07:23.333471471,no,-,-,-,-,10.000000,0.100000,1.286130,2,1,854,2746,13.750000,27.634600,25900,no
139,BUY,-0.220951,21:07:23.333471471,no,-,-,-,-,10.000000,0.100000,1.286130,2,1,858,2742,13.750000,27.505800,25900,no
140,BUY,-0.048904,21:07:23.333471471,no,-,-,-,-,10.000000,0.100000,1.286130,2,1,860,2740,13.750000,27.441800,25900,no
141,BUY,-0.079536,21:07:23.333471471,no,-,-,-,-,10.000000,0.100000,1.286130,2,1,863,2737,13.750000,27.346400,25900,no
142,BUY,-0.206618,21:07:23.333471471,no,-,-,-,-,10.000000,0.100000,1.286130,2,1,867,2733,13.750000,27.220200,25900,no
143,BUY,-0.206316,21:07:23.333471471,no,-,-,-,-,10.000000,0.100000,1.286130,2,1,871,2729,13.750000,27.095200,25900,no
144,BUY,-0.117057,21:07:23.333471471,no,-,-,-,-,10.000000,0.100000,1.286130,2,1,876,2724,13.750000,26.940600,25900,no
145,BUY,0.008074,21:07:23.333471471,no,-,-,-,-,10.000000,0.100000,1.286130,2,1,878,2722,13.750000,26.879200,25900,no
146,BUY,-0.214361,21:07:23.333471471,no,-,-,-,-,10.000000,0.100000,1.286130,2,1,882,2718,13.750000,26.757300,25900,no
147,BUY,-0.207128,21:07:23.333471471,no,-,-,-,-,10.000000,0.100000,1.286130,2,1,885,2715,13.750000,26.666600,25900,no
148,BUY,-0.352708,21:07:23.333471471,no,-,-,-,-,10.000000,0.100000,1.286130,2,1,888,2712,13.750000,26.576500,25900,no
149,BUY,-0.739944,21:07:23.333471471,no,-,-,-,-,10.000000,0.100000,1.286130,2,1,892,2708,13.750000,26.457300,25900,no
150,BUY,-0.560916,21:07:23.333471471,no,-,-,-,-,10.000000,0.100000,1.286130,2,1,896,2704,13.750000,26.339200,25900,no
151,BUY,-0.539698,21:07:23.333471471,no,-,-,-,-,10.000000,0.100000,1.286130,2,1,898,2702,13.750000,26.280600,25900,no
152,BUY,0.157001,21:07:23.333471471,no,-,-,-,-,10.000000,0.100000,1.286130,2,1,902,2698,13.750000,26.164000,25900,no
153,BUY,0.383418,21:07:23.333471471,no,-,-,-,-,10.000000,0.100000,1.286130,2,1,905,2695,13.750000,26.077300,25900,no
154,BUY,0.404311,21:07:23.333471471,no,-,-,-,-,10.000000,0.100000,1.286130,2,1,908,2692,13.750000,25.991100,25900,no
155,BUY,0.622651,21:07:23.333471471,no,-,-,-,-,10.000000,0.100000,1.286130,2,1,910,2690,13.750000,25.934000,25900,no
156,BUY,0.206896,21:07:23.333471471,no,-,-,-,-,10.000000,0.100000,1.286130,2,1,1190,2410,13.750000,19.831900,25900,no
157,BUY,0.040083,21:07:23.333471471,no,-,-,-,-,10.000000,0.100000,1.286130,2,1,1194,2406,13.750000,19.765400,25900,no
158,BUY,0.010083,21:07:23.333471471,no,-,-,-,-,10.000000,0.100000,1.286130,2,1,1198,2402,13.750000,19.699400,25900,no
159,BUY,-0.093410,21:07:23.333471471,no,-,-,-,-,10.000000,0.100000,1.286130,2,1,1201,2399,13.750000,19.650200,25900,no
160,BUY,-0.214285,21:07:23.333471471,no,-,-,-,-,10.000000,0.100000,1.286130,2,1,1206,2394,13.750000,19.568800,25900,no
161,BUY,-0.006305,21:07:23.333471471,no,-,-,-,-,10.000000,0.100000,1.286130,2,1,1213,2387,13.750000,19.455800,25900,no
162,BUY,-0.046715,21:07:23.333471471,no,-,-,-,-,10.000000,0.100000,1.286130,2,1,1219,2381,13.750000,19.360100,25900,no
163,BUY,-0.007959,21:07:23.333471471,no,-,-,-,-,10.000000,0.100000,1.286130,2,1,1225,2375,13.750000,19.265300,25900,no
164,BUY,-0.107045,21:07:23.333471471,no,-,-,-,-,10.000000,0.100000,1.286130,2,1,1231,2369,13.750000,19.171400,25900,no
165,BUY,0.865005,21:07:23.333471471,no,-,-,-,-,10.000000,0.100000,1.286130,2,1,1234,2366,13.750000,19.124700,25900,no
166,BUY,-0.269865,21:07:23.333471471,no,-,-,-,-,10.000000,0.100000,1.286130,2,1,1238,2362,13.750000,19.063000,25900,no
167,BUY,-0.332594,21:07:23.333471471,no,-,-,-,-,10.000000,0.100000,1.286130,2,1,1242,2358,13.750000,19.001600,25900,no
168,BUY,-0.326963,21:07:23.333471471,no,-,-,-,-,10.000000,0.100000,1.286130,2,1,1248,2352,13.750000,18.910200,25900,no
169,BUY,-0.565564,21:07:23.333471471,no,-,-,-,-,10.000000,0.100000,1.286130,2,1,1251,2349,13.750000,18.864900,25900,no
170,BUY,-0.719068,21:07:23.333471471,no,-,-,-,-,10.000000,0.100000,1.286130,2,1,1255,2345,13.750000,18.804700,25900,no
171,BUY,-0.638817,21:07:23.333471471,no,-,-,-,-,10.000000,0.100000,1.286130,2,1,1259,2341,13.750000,18.745000,25900,no
172,BUY,-0.627063,21:07:23.333471471,no,-,-,-,-,10.000000,0.100000,1.286130,2,1,1264,2336,13.750000,18.670800,25900,no
173,BUY,-0.513943,21:07:23.333471471,no,-,-,-,-,10.000000,0.100000,1.286130,2,1,1268,2332,13.750000,18.611900,25900,no
174,BUY,-0.451067,21:07:23.333471471,no,-,-,-,-,10.000000,0.100000,1.286130,2,1,1271,2329,13.750000,18.568000,25900,no
175,BUY,-0.130375,21:07:23.333471471,no,-,-,-,-,10.000000,0.100000,1.286130,2,1,1275,2325,13.750000,18.509800,25900,no
176,BUY,0.143880,21:07:23.333471471,no,-,-,-,-,10.000000,0.100000,1.286130,2,1,1279,2321,13.750000,18.451900,25900,no
177,BUY,0.009763,21:07:23.333471471,no,-,-,-,-,10.000000,0.100000,1.286130,2,1,1282,2318,13.750000,18.408700,25900,no
178,BUY,0.170671,21:07:23.333471471,no,-,-,-,-,10.000000,0.100000,1.286130,2,1,1287,2313,13.750000,18.337200,25900,no
179,BUY,-0.067681,21:07:23.333471471,no,-,-,-,-,10.000000,0.100000,1.286130,2,1,1291,2309,13.750000,18.280400,25900,no
180,BUY,-0.152865,21:07:23.333471471,no,-,-,-,-,10.000000,0.100000,1.286130,2,1,1297,2303,13.750000,18.195800,25900,no
181,BUY,0.275834,21:07:23.333471471,no,-,-,-,-,10.000000,0.100000,1.286130,2,1,1300,2300,13.750000,18.153800,25900,no
182,BUY,-0.117736,21:07:23.333471471,no,-,-,-,-,10.000000,0.100000,1.286130,2,1,1304,2296,13.750000,18.098100,25900,no
183,BUY,0.034428,21:07:23.333471471,no,-,-,-,-,10.000000,0.100000,1.286130,2,1,1308,2292,13.750000,18.042800,25900,no
184,BUY,0.010320,21:07:23.333471471,no,-,-,-,-,10.000000,0.100000,1.286130,2,1,1313,2287,13.750000,17.974100,25900,no
185,BUY,1.336104,21:07:23.333471471,no,-,-,-,-,10.000000,0.100000,1.286130,2,1,1316,2284,13.750000,17.933100,25900,no
186,BUY,-0.054594,21:07:23.333471471,no,-,-,-,-,10.000000,0.100000,1.286130,2,1,1320,2280,13.750000,17.878700,25900,no
187,BUY,0.158162,21:07:23.333471471,no,-,-,-,-,10.000000,0.100000,1.286130,2,1,1325,2275,13.750000,17.811300,25900,no
188,BUY,1.066123,21:07:23.333471471,no,-,-,-,-,10.000000,0.100000,1.286130,2,1,1330,2270,13.750000,17.744300,25900,no
189,BUY,0.912192,21:07:23.333471471,no,-,-,-,-,10.000000,0.100000,1.286130,2,1,1335,2265,13.750000,17.677900,25900,no
190,BUY,0.785914,21:07:23.333471471,no,-,-,-,-,10.000000,0.100000,1.286130,2,1,1338,2262,13.750000,17.638200,25900,no
191,BUY,1.461762,21:07:23.333471471,no,-,-,-,-,10.000000,0.100000,1.286130,2,1,1348,2252,13.750000,17.507400,25900,no
192,BUY,1.152347,21:07:23.333471471,no,-,-,-,-,10.000000,0.100000,1.286130,2,1,1352,2248,13.750000,17.455600,25900,no
193,BUY,1.153807,21:07:23.333471471,no,-,-,-,-,10.000000,0.100000,1.286130,2,1,1355,2245,13.750000,17.416900,25900,no
194,BUY,2.984073,21:07:23.333471471,no,-,-,-,-,10.000000,0.100000,1.286130,2,1,1358,2242,13.750000,17.378400,25900,no
195,BUY,1.299144,21:07:23.333471471,no,-,-,-,-,10.000000,0.100000,1.286130,2,1,1361,2239,13.750000,17.340100,25900,no
196,BUY,1.721627,21:07:23.333471471,no,-,-,-,-,10.000000,0.100000,1.286130,2,1,1365,2235,13.750000,17.289300,25900,no
197,BUY,0.321209,21:07:23.333471471,no,-,-,-,-,10.000000,0.100000,1.286130,2,1,1369,2231,13.750000,17.238800,25900,no
198,BUY,0.098374,21:07:23.333471471,no,-,-,-,-,10.000000,0.100000,1.286130,2,1,1428,2172,13.750000,16.526600,25900,no
199,BUY,-1.106093,21:07:23.333471471,no,-,-,-,-,10.000000,0.100000,1.286130,2,1,1431,2169,13.750000,16.491900,25900,no
200,BUY,-0.682591,21:07:23.333471471,no,-,-,-,-,10.000000,0.100000,1.286130,2,1,1435,2165,13.750000,16.445900,25900,no
201,BUY,-2.177119,21:07:23.333471471,no,-,-,-,-,10.000000,0.100000,1.286130,2,1,1491,2109,13.750000,15.828300,25900,no
202,BUY,-2.258574,21:07:23.333471471,no,-,-,-,-,10.000000,0.100000,1.286130,2,1,1494,2106,13.750000,15.796500,25900,no
203,BUY,-1.906974,21:07:23.333471471,no,-,-,-,-,10.000000,0.100000,1.286130,2,1,1554,2046,13.750000,15.186600,25900,no
204,BUY,-1.902592,21:07:23.333471471,no,-,-,-,-,10.000000,0.100000,1.286130,2,1,1562,2038,13.750000,15.108800,25900,no
205,BUY,-1.489139,21:07:23.333471471,no,-,-,-,-,10.000000,0.100000,1.286130,2,1,1565,2035,13.750000,15.079800,25900,no
206,BUY,-1.935376,21:07:23.333471471,no,-,-,-,-,10.000000,0.100000,1.286130,2,1,1567,2033,13.750000,15.060600,25900,no
207,BUY,-1.745485,21:07:23.333471471,no,-,-,-,-,10.000000,0.100000,1.286130,2,1,1572,2028,13.750000,15.012700,25900,no
208,BUY,-1.805141,21:07:23.333471471,no,-,-,-,-,10.000000,0.100000,1.286130,2,1,1577,2023,13.750000,14.965100,25900,no
209,BUY,-1.759928,21:07:23.333471471,no,-,-,-,-,10.000000,0.100000,1.286130,2,1,1580,2020,13.750000,14.936700,25900,no
210,BUY,-1.772101,21:07:23.333471471,no,-,-,-,-,10.000000,0.100000,1.286130,2,1,1584,2016,13.750000,14.898900,25900,no
211,BUY,-1.248947,21:07:23.333471471,no,-,-,-,-,10.000000,0.100000,1.286130,2,1,1588,2012,13.750000,14.861400,25900,no
212,BUY,-1.641899,21:07:23.333471471,no,-,-,-,-,10.000000,0.100000,1.286130,2,1,1593,2007,13.750000,14.814800,25900,no
213,BUY,-1.790347,21:07:23.333471471,no,-,-,-,-,10.000000,0.100000,1.286130,2,1,1617,1983,13.750000,14.594900,25900,no
214,BUY,-0.904948,21:07:23.333471471,no,-,-,-,-,10.000000,0.100000,1.286130,2,1,1620,1980,13.750000,14.567900,25900,no
215,BUY,-1.040818,21:07:23.333471471,no,-,-,-,-,10.000000,0.100000,1.286130,2,1,1624,1976,13.750000,14.532000,25900,no
216,BUY,-0.422247,21:07:23.333471471,no,-,-,-,-,10.000000,0.100000,1.286130,2,1,1626,1974,13.750000,14.514100,25900,no
217,BUY,-1.767490,21:07:23.333471471,no,-,-,-,-,10.000000,0.100000,1.286130,2,1,1648,1952,13.750000,14.320300,25900,no
218,BUY,-1.725299,21:07:23.333471471,no,-,-,-,-,10.000000,0.100000,1.286130,2,1,1653,1947,13.750000,14.277000,25900,no
219,BUY,1.568514,21:07:23.333471471,yes,12.399900,bid1,25900,00:00:00.000025159,9.090909,0.110000,1.286130,2,1,4926,-1326,13.750000,4.790900,25900,yes
220,BUY,0.877179,21:07:23.333471471,yes,12.399900,bid1,25900,00:00:00.000035437,8.264463,0.121000,1.286130,2,1,4930,-1330,13.750000,4.787000,25900,yes
221,BUY,-0.411899,21:07:23.333471471,yes,12.399900,bid1,25900,00:00:00.000041973,7.513148,0.133100,1.286130,2,1,4935,-1335,13.750000,4.782100,25900,yes
222,BUY,1.126348,21:07:23.333471471,yes,12.399900,bid1,25900,00:00:00.000034000,6.830135,0.146410,1.286130,2,1,4938,-1338,13.750000,4.779200,25900,yes
223,BUY,-0.277732,21:07:23.333471471,yes,12.399900,bid1,25900,00:00:00.000025152,6.209213,0.161051,1.286130,2,1,4942,-1342,13.750000,4.775300,25900,yes
224,BUY,0.910056,21:07:23.333471471,yes,12.399900,bid1,25900,00:00:00.000036759,5.644739,0.177156,1.286130,2,1,4946,-1346,13.750000,4.771500,25900,yes
225,BUY,0.547744,21:07:23.333471471,yes,12.399900,bid1,25900,00:00:00.000035778,5.131581,0.194872,1.286130,2,1,4949,-1349,13.750000,4.768600,25900,yes
226,BUY,-0.903313,21:07:23.333471471,yes,12.399900,bid1,25900,00:00:00.000025740,4.665074,0.214359,1.286130,2,1,4954,-1354,13.750000,4.763800,25900,yes
227,BUY,-0.770202,21:07:23.333471471,yes,12.399900,bid1,25900,00:00:00.000033306,4.240976,0.235795,1.286130,2,1,4957,-1357,13.750000,4.760900,25900,yes
228,BUY,-1.135498,21:07:23.333471471,yes,12.399900,bid1,25900,00:00:00.000030621,3.855433,0.259374,1.286130,2,1,4960,-1360,13.750000,4.758000,25900,yes
229,BUY,0.184871,21:07:23.333471471,yes,12.399900,bid1,25900,00:00:00.000036187,3.504939,0.285312,1.286130,2,1,4965,-1365,13.750000,4.753200,25900,yes
230,BUY,-0.463565,21:07:23.333471471,yes,12.399900,bid1,25900,00:00:00.000056282,3.186308,0.313843,1.286130,2,1,4968,-1368,13.750000,4.750400,25900,yes
231,BUY,-0.559712,21:07:23.333471471,yes,12.399900,bid1,25900,00:00:00.000026447,2.896644,0.345227,1.286130,2,1,4972,-1372,13.750000,4.746500,25900,yes
232,BUY,-0.385991,21:07:23.333471471,yes,12.399900,bid1,25900,00:00:00.000039382,2.633313,0.379750,1.286130,2,1,4977,-1377,13.750000,4.741800,25900,yes
233,BUY,-0.029574,21:07:23.333471471,yes,12.399900,bid1,25900,00:00:00.000026182,2.393920,0.417725,1.286130,2,1,4981,-1381,13.750000,4.738000,25900,yes
234,BUY,0.114938,21:07:23.333471471,yes,12.399900,bid1,25900,00:00:00.000025742,2.176291,0.459497,1.286130,2,1,4985,-1385,13.750000,4.734200,25900,yes
235,BUY,1.375607,21:07:23.333471471,yes,12.399900,bid1,25900,00:00:00.000041431,1.978447,0.505447,1.286130,2,1,4990,-1390,13.750000,4.729400,25900,yes
236,BUY,0.700698,21:07:23.333471471,yes,12.399900,bid1,25900,00:00:00.000039477,1.798588,0.555992,1.286130,2,1,4994,-1394,13.750000,4.725600,25900,yes
237,BUY,-0.676371,21:07:23.333471471,yes,12.399900,bid1,25900,00:00:00.000036334,1.635080,0.611591,1.286130,2,1,4998,-1398,13.750000,4.721800,25900,yes
238,BUY,-1.168599,21:07:23.333471471,yes,12.399900,bid1,25900,00:00:00.000035640,1.486436,0.672750,1.286130,2,1,5003,-1403,13.750000,4.717100,25900,yes
239,BUY,-0.988557,21:07:23.333471471,yes,12.399900,bid1,25900,00:00:00.000034822,1.351306,0.740025,1.286130,2,1,5007,-1407,13.750000,4.713400,25900,yes
240,BUY,-0.661543,21:07:23.333471471,yes,12.389900,bid1,25900,00:00:00.000040521,1.228460,0.814027,1.286130,2,1,5035,-1435,13.750000,4.687100,25900,yes
241,BUY,0.581924,21:07:23.333471471,yes,12.389900,bid1,25900,00:00:00.000025301,1.116782,0.895430,1.286130,2,1,5038,-1438,13.750000,4.684300,25900,yes
242,BUY,0.433144,21:07:23.333471471,yes,12.389900,bid1,25900,00:00:00.000026926,1.015256,0.984973,1.286130,2,1,5041,-1441,13.750000,4.681600,25900,yes
243,BUY,0.211495,21:07:23.333471471,yes,12.389900,bid1,25900,00:00:00.000024559,0.922960,1.083471,1.286130,2,1,5045,-1445,13.750000,4.677800,25900,yes
