轮数,方向,预测值,算法开始时间,是否下单,下单价格,档位,下单量,下单耗时(从预测到下单),r1,r2,std,freq,qty_scalar,经过时间,剩余时间,目标速度,实际速度,剩余量,是否为最后一轮
1,SELL,0.802384,21:07:23.333758190,no,-,-,-,-,0.909091,1.100000,1.087909,2,1,332,3268,7.500000,0.000000,27000,no
2,SELL,0.467677,21:07:23.333758190,no,-,-,-,-,0.826446,1.210000,1.087909,2,1,336,3264,7.500000,0.000000,27000,no
3,SELL,0.340760,21:07:23.333758190,no,-,-,-,-,0.751315,1.331000,1.087909,2,1,339,3261,7.500000,0.000000,27000,no
4,SELL,0.752750,21:07:23.333758190,no,-,-,-,-,0.683013,1.464100,1.087909,2,1,343,3257,7.500000,0.000000,27000,no
5,SELL,0.846220,21:07:23.333758190,no,-,-,-,-,0.620921,1.610510,1.087909,2,1,347,3253,7.500000,0.000000,27000,no
6,SELL,0.566008,21:07:23.333758190,no,-,-,-,-,0.564474,1.771561,1.087909,2,1,351,3249,7.500000,0.000000,27000,no
7,SELL,0.336400,21:07:23.333758190,no,-,-,-,-,0.513158,1.948717,1.087909,2,1,356,3244,7.500000,0.000000,27000,no
8,SELL,0.043349,21:07:23.333758190,no,-,-,-,-,0.466507,2.143589,1.087909,2,1,360,3240,7.500000,0.000000,27000,no
9,SELL,0.215947,21:07:23.333758190,no,-,-,-,-,0.424098,2.357948,1.087909,2,1,363,3237,7.500000,0.000000,27000,no
10,SELL,1.681026,21:07:23.333758190,no,-,-,-,-,0.385543,2.593742,1.087909,2,1,367,3233,7.500000,0.000000,27000,no
11,SELL,1.173399,21:07:23.333758190,no,-,-,-,-,0.350494,2.853117,1.087909,2,1,370,3230,7.500000,0.000000,27000,no
12,SELL,-0.067396,21:07:23.333758190,no,-,-,-,-,0.318631,3.138428,1.087909,2,1,373,3227,7.500000,0.000000,27000,no
13,SELL,-0.027843,21:07:23.333758190,no,-,-,-,-,0.289664,3.452271,1.087909,2,1,377,3223,7.500000,0.000000,27000,no
14,SELL,0.837075,21:07:23.333758190,no,-,-,-,-,0.263331,3.797498,1.087909,2,1,381,3219,7.500000,0.000000,27000,no
15,SELL,0.321923,21:07:23.333758190,no,-,-,-,-,0.239392,4.177248,1.087909,2,1,383,3217,7.500000,0.000000,27000,no
16,SELL,0.738201,21:07:23.333758190,no,-,-,-,-,0.217629,4.594973,1.087909,2,1,387,3213,7.500000,0.000000,27000,no
17,SELL,1.260898,21:07:23.333758190,no,-,-,-,-,0.197845,5.054470,1.087909,2,1,392,3208,7.500000,0.000000,27000,no
18,SELL,1.312180,21:07:23.333758190,no,-,-,-,-,0.179859,5.559917,1.087909,2,1,397,3203,7.500000,0.000000,27000,no
19,SELL,1.049984,21:07:23.333758190,no,-,-,-,-,0.163508,6.115909,1.087909,2,1,399,3201,7.500000,0.000000,27000,no
20,SELL,0.413836,21:07:23.333758190,no,-,-,-,-,0.148644,6.727500,1.087909,2,1,402,3198,7.500000,0.000000,27000,no
21,SELL,0.859549,21:07:23.333758190,no,-,-,-,-,0.135131,7.400250,1.087909,2,1,406,3194,7.500000,0.000000,27000,no
22,SELL,0.317966,21:07:23.333758190,no,-,-,-,-,0.122846,8.140275,1.087909,2,1,410,3190,7.500000,0.000000,27000,no
23,SELL,0.951681,21:07:23.333758190,no,-,-,-,-,0.111678,8.954302,1.087909,2,1,412,3188,7.500000,0.000000,27000,no
24,SELL,1.302715,21:07:23.333758190,no,-,-,-,-,0.101526,9.849733,1.087909,2,1,417,3183,7.500000,0.000000,27000,no
25,SELL,0.247431,21:07:23.333758190,no,-,-,-,-,0.100000,10.000000,1.087909,2,1,422,3178,7.500000,0.000000,27000,no
26,SELL,0.222112,21:07:23.333758190,no,-,-,-,-,0.100000,10.000000,1.087909,2,1,427,3173,7.500000,0.000000,27000,no
27,SELL,0.268701,21:07:23.333758190,no,-,-,-,-,0.100000,10.000000,1.087909,2,1,432,3168,7.500000,0.000000,27000,no
28,SELL,0.528304,21:07:23.333758190,no,-,-,-,-,0.100000,10.000000,1.087909,2,1,438,3162,7.500000,0.000000,27000,no
29,SELL,0.325929,21:07:23.333758190,no,-,-,-,-,0.100000,10.000000,1.087909,2,1,441,3159,7.500000,0.000000,27000,no
30,SELL,0.035908,21:07:23.333758190,no,-,-,-,-,0.100000,10.000000,1.087909,2,1,445,3155,7.500000,0.000000,27000,no
31,SELL,-0.136903,21:07:23.333758190,no,-,-,-,-,0.100000,10.000000,1.087909,2,1,448,3152,7.500000,0.000000,27000,no
32,SELL,-0.261525,21:07:23.333758190,no,-,-,-,-,0.100000,10.000000,1.087909,2,1,452,3148,7.500000,0.000000,27000,no
33,SELL,-0.473290,21:07:23.333758190,no,-,-,-,-,0.100000,10.000000,1.087909,2,1,457,3143,7.500000,0.000000,27000,no
34,SELL,0.119501,21:07:23.333758190,no,-,-,-,-,0.100000,10.000000,1.087909,2,1,460,3140,7.500000,0.000000,27000,no
35,SELL,0.569874,21:07:23.333758190,no,-,-,-,-,0.100000,10.000000,1.087909,2,1,464,3136,7.500000,0.000000,27000,no
36,SELL,0.534658,21:07:23.333758190,no,-,-,-,-,0.100000,10.000000,1.087909,2,1,467,3133,7.500000,0.000000,27000,no
37,SELL,0.397339,21:07:23.333758190,no,-,-,-,-,0.100000,10.000000,1.087909,2,1,471,3129,7.500000,0.000000,27000,no
38,SELL,0.229381,21:07:23.333758190,no,-,-,-,-,0.100000,10.000000,1.087909,2,1,475,3125,7.500000,0.000000,27000,no
39,SELL,0.042977,21:07:23.333758190,no,-,-,-,-,0.100000,10.000000,1.087909,2,1,480,3120,7.500000,0.000000,27000,no
40,SELL,-0.508268,21:07:23.333758190,no,-,-,-,-,0.100000,10.000000,1.087909,2,1,482,3118,7.500000,0.000000,27000,no
41,SELL,0.025308,21:07:23.333758190,no,-,-,-,-,0.100000,10.000000,1.087909,2,1,487,3113,7.500000,0.000000,27000,no
42,SELL,0.076773,21:07:23.333758190,no,-,-,-,-,0.100000,10.000000,1.087909,2,1,490,3110,7.500000,0.000000,27000,no
43,SELL,-0.717362,21:07:23.333758190,no,-,-,-,-,0.100000,10.000000,1.087909,2,1,495,3105,7.500000,0.000000,27000,no
44,SELL,-0.684021,21:07:23.333758190,no,-,-,-,-,0.100000,10.000000,1.087909,2,1,501,3099,7.500000,0.000000,27000,no
45,SELL,-0.220461,21:07:23.333758190,no,-,-,-,-,0.100000,10.000000,1.087909,2,1,505,3095,7.500000,0.000000,27000,no
46,SELL,0.719415,21:07:23.333758190,no,-,-,-,-,0.100000,10.000000,1.087909,2,1,509,3091,7.500000,0.000000,27000,no
47,SELL,1.150559,21:07:23.333758190,no,-,-,-,-,0.100000,10.000000,1.087909,2,1,513,3087,7.500000,0.000000,27000,no
48,SELL,0.138024,21:07:23.333758190,no,-,-,-,-,0.100000,10.000000,1.087909,2,1,518,3082,7.500000,0.000000,27000,no
49,SELL,0.421918,21:07:23.333758190,no,-,-,-,-,0.100000,10.000000,1.087909,2,1,522,3078,7.500000,0.000000,27000,no
50,SELL,0.748731,21:07:23.333758190,no,-,-,-,-,0.100000,10.000000,1.087909,2,1,527,3073,7.500000,0.000000,27000,no
51,SELL,1.211111,21:07:23.333758190,no,-,-,-,-,0.100000,10.000000,1.087909,2,1,530,3070,7.500000,0.000000,27000,no
52,SELL,1.219860,21:07:23.333758190,no,-,-,-,-,0.100000,10.000000,1.087909,2,1,535,3065,7.500000,0.000000,27000,no
53,SELL,0.914810,21:07:23.333758190,no,-,-,-,-,0.100000,10.000000,1.087909,2,1,539,3061,7.500000,0.000000,27000,no
54,SELL,0.842395,21:07:23.333758190,no,-,-,-,-,0.100000,10.000000,1.087909,2,1,545,3055,7.500000,0.000000,27000,no
55,SELL,0.175903,21:07:23.333758190,no,-,-,-,-,0.100000,10.000000,1.087909,2,1,553,3047,7.500000,0.000000,27000,no
56,SELL,0.147554,21:07:23.333758190,no,-,-,-,-,0.100000,10.000000,1.087909,2,1,557,3043,7.500000,0.000000,27000,no
57,SELL,0.366319,21:07:23.333758190,no,-,-,-,-,0.100000,10.000000,1.087909,2,1,563,3037,7.500000,0.000000,27000,no
58,SELL,0.063143,21:07:23.333758190,no,-,-,-,-,0.100000,10.000000,1.087909,2,1,568,3032,7.500000,0.000000,27000,no
59,SELL,0.049563,21:07:23.333758190,no,-,-,-,-,0.100000,10.000000,1.087909,2,1,571,3029,7.500000,0.000000,27000,no
60,SELL,0.071751,21:07:23.333758190,no,-,-,-,-,0.100000,10.000000,1.087909,2,1,576,3024,7.500000,0.000000,27000,no
61,SELL,1.258047,21:07:23.333758190,no,-,-,-,-,0.100000,10.000000,1.087909,2,1,578,3022,7.500000,0.000000,27000,no
62,SELL,1.656985,21:07:23.333758190,no,-,-,-,-,0.100000,10.000000,1.087909,2,1,583,3017,7.500000,0.000000,27000,no
63,SELL,0.012363,21:07:23.333758190,no,-,-,-,-,0.100000,10.000000,1.087909,2,1,587,3013,7.500000,0.000000,27000,no
64,SELL,-0.435623,21:07:23.333758190,no,-,-,-,-,0.100000,10.000000,1.087909,2,1,592,3008,7.500000,0.000000,27000,no
65,SELL,-0.251770,21:07:23.333758190,no,-,-,-,-,0.100000,10.000000,1.087909,2,1,595,3005,7.500000,0.000000,27000,no
66,SELL,-0.868639,21:07:23.333758190,no,-,-,-,-,0.100000,10.000000,1.087909,2,1,600,3000,7.500000,0.000000,27000,no
67,SELL,-0.958734,21:07:23.333758190,no,-,-,-,-,0.100000,10.000000,1.087909,2,1,604,2996,7.500000,0.000000,27000,no
68,SELL,0.591631,21:07:23.333758190,no,-,-,-,-,0.100000,10.000000,1.087909,2,1,607,2993,7.500000,0.000000,27000,no
69,SELL,-1.301260,21:07:23.333758190,no,-,-,-,-,0.100000,10.000000,1.087909,2,1,610,2990,7.500000,0.000000,27000,no
70,SELL,-1.135673,21:07:23.333758190,no,-,-,-,-,0.100000,10.000000,1.087909,2,1,614,2986,7.500000,0.000000,27000,no
71,SELL,-0.487416,21:07:23.333758190,no,-,-,-,-,0.100000,10.000000,1.087909,2,1,618,2982,7.500000,0.000000,27000,no
72,SELL,-0.782555,21:07:23.333758190,no,-,-,-,-,0.100000,10.000000,1.087909,2,1,621,2979,7.500000,0.000000,27000,no
73,SELL,-0.756405,21:07:23.333758190,no,-,-,-,-,0.100000,10.000000,1.087909,2,1,625,2975,7.500000,0.000000,27000,no
74,SELL,-0.851779,21:07:23.333758190,no,-,-,-,-,0.100000,10.000000,1.087909,2,1,630,2970,7.500000,0.000000,27000,no
75,SELL,-0.036116,21:07:23.333758190,no,-,-,-,-,0.100000,10.000000,1.087909,2,1,634,2966,7.500000,0.000000,27000,no
76,SELL,-0.292403,21:07:23.333758190,no,-,-,-,-,0.100000,10.000000,1.087909,2,1,637,2963,7.500000,0.000000,27000,no
77,SELL,-0.331373,21:07:23.333758190,no,-,-,-,-,0.100000,10.000000,1.087909,2,1,640,2960,7.500000,0.000000,27000,no
78,SELL,-0.051447,21:07:23.333758190,no,-,-,-,-,0.100000,10.000000,1.087909,2,1,642,2958,7.500000,0.000000,27000,no
79,SELL,-0.030062,21:07:23.333758190,no,-,-,-,-,0.100000,10.000000,1.087909,2,1,645,2955,7.500000,0.000000,27000,no
80,SELL,-0.040745,21:07:23.333758190,no,-,-,-,-,0.100000,10.000000,1.087909,2,1,648,2952,7.500000,0.000000,27000,no
81,SELL,-0.000153,21:07:23.333758190,no,-,-,-,-,0.100000,10.000000,1.087909,2,1,651,2949,7.500000,0.000000,27000,no
82,SELL,-0.255005,21:07:23.333758190,no,-,-,-,-,0.100000,10.000000,1.087909,2,1,655,2945,7.500000,0.000000,27000,no
83,SELL,-0.208416,21:07:23.333758190,no,-,-,-,-,0.100000,10.000000,1.087909,2,1,659,2941,7.500000,0.000000,27000,no
84,SELL,-1.175752,21:07:23.333758190,no,-,-,-,-,0.100000,10.000000,1.087909,2,1,663,2937,7.500000,0.000000,27000,no
85,SELL,0.246592,21:07:23.333758190,no,-,-,-,-,0.100000,10.000000,1.087909,2,1,667,2933,7.500000,0.000000,27000,no
86,SELL,0.717096,21:07:23.333758190,no,-,-,-,-,0.100000,10.000000,1.087909,2,1,670,2930,7.500000,0.000000,27000,no
87,SELL,0.472455,21:07:23.333758190,no,-,-,-,-,0.100000,10.000000,1.087909,2,1,673,2927,7.500000,0.000000,27000,no
88,SELL,0.358635,21:07:23.333758190,no,-,-,-,-,0.100000,10.000000,1.087909,2,1,677,2923,7.500000,0.000000,27000,no
89,SELL,0.164461,21:07:23.333758190,no,-,-,-,-,0.100000,10.000000,1.087909,2,1,680,2920,7.500000,0.000000,27000,no
90,SELL,-0.211253,21:07:23.333758190,no,-,-,-,-,0.100000,10.000000,1.087909,2,1,684,2916,7.500000,0.000000,27000,no
91,SELL,-0.398568,21:07:23.333758190,no,-,-,-,-,0.100000,10.000000,1.087909,2,1,687,2913,7.500000,0.000000,27000,no
92,SELL,0.724657,21:07:23.333758190,no,-,-,-,-,0.100000,10.000000,1.087909,2,1,690,2910,7.500000,0.000000,27000,no
93,SELL,-0.939035,21:07:23.333758190,no,-,-,-,-,0.100000,10.000000,1.087909,2,1,694,2906,7.500000,0.000000,27000,no
94,SELL,-0.133405,21:07:23.333758190,no,-,-,-,-,0.100000,10.000000,1.087909,2,1,697,2903,7.500000,0.000000,27000,no
95,SELL,0.091940,21:07:23.333758190,no,-,-,-,-,0.100000,10.000000,1.087909,2,1,702,2898,7.500000,0.000000,27000,no
96,SELL,-0.623621,21:07:23.333758190,no,-,-,-,-,0.100000,10.000000,1.087909,2,1,705,2895,7.500000,0.000000,27000,no
97,SELL,-0.127525,21:07:23.333758190,no,-,-,-,-,0.100000,10.000000,1.087909,2,1,707,2893,7.500000,0.000000,27000,no
98,SELL,-0.713890,21:07:23.333758190,no,-,-,-,-,0.100000,10.000000,1.087909,2,1,711,2889,7.500000,0.000000,27000,no
99,SELL,-0.823023,21:07:23.333758190,no,-,-,-,-,0.100000,10.000000,1.087909,2,1,714,2886,7.500000,0.000000,27000,no
100,SELL,-0.788800,21:07:23.333758190,no,-,-,-,-,0.100000,10.000000,1.087909,2,1,716,2884,7.500000,0.000000,27000,no
101,SELL,-0.352243,21:07:23.333758190,no,-,-,-,-,0.100000,10.000000,1.087909,2,1,719,2881,7.500000,0.000000,27000,no
102,SELL,-0.438001,21:07:23.333758190,no,-,-,-,-,0.100000,10.000000,1.087909,2,1,723,2877,7.500000,0.000000,27000,no
103,SELL,-0.302001,21:07:23.333758190,no,-,-,-,-,0.100000,10.000000,1.087909,2,1,726,2874,7.500000,0.000000,27000,no
104,SELL,-0.563004,21:07:23.333758190,no,-,-,-,-,0.100000,10.000000,1.087909,2,1,729,2871,7.500000,0.000000,27000,no
105,SELL,-1.039675,21:07:23.333758190,no,-,-,-,-,0.100000,10.000000,1.087909,2,1,733,2867,7.500000,0.000000,27000,no
106,SELL,-1.833364,21:07:23.333758190,no,-,-,-,-,0.100000,10.000000,1.087909,2,1,738,2862,7.500000,0.000000,27000,no
107,SELL,-1.973057,21:07:23.333758190,no,-,-,-,-,0.100000,10.000000,1.087909,2,1,743,2857,7.500000,0.000000,27000,no
108,SELL,-0.938214,21:07:23.333758190,no,-,-,-,-,0.100000,10.000000,1.087909,2,1,750,2850,7.500000,0.000000,27000,no
109,SELL,-0.932573,21:07:23.333758190,no,-,-,-,-,0.100000,10.000000,1.087909,2,1,756,2844,7.500000,0.000000,27000,no
110,SELL,-1.152262,21:07:23.333758190,no,-,-,-,-,0.100000,10.000000,1.087909,2,1,759,2841,7.500000,0.000000,27000,no
111,SELL,-1.271453,21:07:23.333758190,no,-,-,-,-,0.100000,10.000000,1.087909,2,1,764,2836,7.500000,0.000000,27000,no
112,SELL,-1.119471,21:07:23.333758190,no,-,-,-,-,0.100000,10.000000,1.087909,2,1,767,2833,7.500000,0.000000,27000,no
113,SELL,-0.798699,21:07:23.333758190,no,-,-,-,-,0.100000,10.000000,1.087909,2,1,771,2829,7.500000,0.000000,27000,no
114,SELL,-0.768361,21:07:23.333758190,no,-,-,-,-,0.100000,10.000000,1.087909,2,1,774,2826,7.500000,0.000000,27000,no
115,SELL,-0.246949,21:07:23.333758190,no,-,-,-,-,0.100000,10.000000,1.087909,2,1,777,2823,7.500000,0.000000,27000,no
116,SELL,-0.442982,21:07:23.333758190,no,-,-,-,-,0.100000,10.000000,1.087909,2,1,782,2818,7.500000,0.000000,27000,no
117,SELL,0.167852,21:07:23.333758190,no,-,-,-,-,0.100000,10.000000,1.087909,2,1,785,2815,7.500000,0.000000,27000,no
118,SELL,-0.468096,21:07:23.333758190,no,-,-,-,-,0.100000,10.000000,1.087909,2,1,787,2813,7.500000,0.000000,27000,no
119,SELL,-0.005793,21:07:23.333758190,no,-,-,-,-,0.100000,10.000000,1.087909,2,1,790,2810,7.500000,0.000000,27000,no
120,SELL,-0.094897,21:07:23.333758190,no,-,-,-,-,0.100000,10.000000,1.087909,2,1,793,2807,7.500000,0.000000,27000,no
121,SELL,-0.064902,21:07:23.333758190,no,-,-,-,-,0.100000,10.000000,1.087909,2,1,796,2804,7.500000,0.000000,27000,no
122,SELL,1.150006,21:07:23.333758190,no,-,-,-,-,0.100000,10.000000,1.087909,2,1,799,2801,7.500000,0.000000,27000,no
123,SELL,0.597518,21:07:23.333758190,no,-,-,-,-,0.100000,10.000000,1.087909,2,1,803,2797,7.500000,0.000000,27000,no
124,SELL,0.617371,21:07:23.333758190,no,-,-,-,-,0.100000,10.000000,1.087909,2,1,808,2792,7.500000,0.000000,27000,no
125,SELL,-0.015149,21:07:23.333758190,no,-,-,-,-,0.100000,10.000000,1.087909,2,1,810,2790,7.500000,0.000000,27000,no
126,SELL,-0.105653,21:07:23.333758190,no,-,-,-,-,0.100000,10.000000,1.087909,2,1,814,2786,7.500000,0.000000,27000,no
127,SELL,-0.396714,21:07:23.333758190,no,-,-,-,-,0.100000,10.000000,1.087909,2,1,819,2781,7.500000,0.000000,27000,no
128,SELL,0.491571,21:07:23.333758190,no,-,-,-,-,0.100000,10.000000,1.087909,2,1,821,2779,7.500000,0.000000,27000,no
129,SELL,1.156206,21:07:23.333758190,no,-,-,-,-,0.100000,10.000000,1.087909,2,1,825,2775,7.500000,0.000000,27000,no
130,SELL,0.793372,21:07:23.333758190,no,-,-,-,-,0.100000,10.000000,1.087909,2,1,829,2771,7.500000,0.000000,27000,no
131,SELL,0.855569,21:07:23.333758190,no,-,-,-,-,0.100000,10.000000,1.087909,2,1,832,2768,7.500000,0.000000,27000,no
132,SELL,1.346482,21:07:23.333758190,no,-,-,-,-,0.100000,10.000000,1.087909,2,1,835,2765,7.500000,0.000000,27000,no
133,SELL,1.350053,21:07:23.333758190,no,-,-,-,-,0.100000,10.000000,1.087909,2,1,838,2762,7.500000,0.000000,27000,no
134,SELL,1.434121,21:07:23.333758190,no,-,-,-,-,0.100000,10.000000,1.087909,2,1,841,2759,7.500000,0.000000,27000,no
135,SELL,1.668725,21:07:23.333758190,no,-,-,-,-,0.100000,10.000000,1.087909,2,1,844,2756,7.500000,0.000000,27000,no
136,SELL,1.553788,21:07:23.333758190,no,-,-,-,-,0.100000,10.000000,1.087909,2,1,848,2752,7.500000,0.000000,27000,no
137,SELL,1.354767,21:07:23.333758190,no,-,-,-,-,0.100000,10.000000,1.087909,2,1,851,2749,7.500000,0.000000,27000,no
138,SELL,1.269197,21:07:23.333758190,no,-,-,-,-,0.100000,10.000000,1.087909,2,1,855,2745,7.500000,0.000000,27000,no
139,SELL,1.002447,21:07:23.333758190,no,-,-,-,-,0.100000,10.000000,1.087909,2,1,858,2742,7.500000,0.000000,27000,no
140,SELL,0.850883,21:07:23.333758190,no,-,-,-,-,0.100000,10.000000,1.087909,2,1,860,2740,7.500000,0.000000,27000,no
141,SELL,2.115784,21:07:23.333758190,no,-,-,-,-,0.100000,10.000000,1.087909,2,1,863,2737,7.500000,0.000000,27000,no
142,SELL,1.777519,21:07:23.333758190,no,-,-,-,-,0.100000,10.000000,1.087909,2,1,867,2733,7.500000,0.000000,27000,no
143,SELL,0.929418,21:07:23.333758190,no,-,-,-,-,0.100000,10.000000,1.087909,2,1,871,2729,7.500000,0.000000,27000,no
144,SELL,0.928774,21:07:23.333758190,no,-,-,-,-,0.100000,10.000000,1.087909,2,1,876,2724,7.500000,0.000000,27000,no
145,SELL,0.370159,21:07:23.333758190,no,-,-,-,-,0.100000,10.000000,1.087909,2,1,878,2722,7.500000,0.000000,27000,no
146,SELL,-0.146874,21:07:23.333758190,no,-,-,-,-,0.100000,10.000000,1.087909,2,1,882,2718,7.500000,0.000000,27000,no
147,SELL,0.039019,21:07:23.333758190,no,-,-,-,-,0.100000,10.000000,1.087909,2,1,885,2715,7.500000,0.000000,27000,no
148,SELL,1.077072,21:07:23.333758190,no,-,-,-,-,0.100000,10.000000,1.087909,2,1,888,2712,7.500000,0.000000,27000,no
149,SELL,0.903000,21:07:23.333758190,no,-,-,-,-,0.100000,10.000000,1.087909,2,1,893,2707,7.500000,0.000000,27000,no
150,SELL,1.183105,21:07:23.333758190,no,-,-,-,-,0.100000,10.000000,1.087909,2,1,896,2704,7.500000,0.000000,27000,no
151,SELL,1.140433,21:07:23.333758190,no,-,-,-,-,0.100000,10.000000,1.087909,2,1,898,2702,7.500000,0.000000,27000,no
152,SELL,1.070209,21:07:23.333758190,no,-,-,-,-,0.100000,10.000000,1.087909,2,1,902,2698,7.500000,0.000000,27000,no
153,SELL,-0.795401,21:07:23.333758190,no,-,-,-,-,0.100000,10.000000,1.087909,2,1,905,2695,7.500000,0.000000,27000,no
154,SELL,0.228926,21:07:23.333758190,no,-,-,-,-,0.100000,10.000000,1.087909,2,1,908,2692,7.500000,0.000000,27000,no
155,SELL,0.792243,21:07:23.333758190,no,-,-,-,-,0.100000,10.000000,1.087909,2,1,910,2690,7.500000,0.000000,27000,no
156,SELL,1.201181,21:07:23.333758190,no,-,-,-,-,0.100000,10.000000,1.087909,2,1,1190,2410,7.500000,0.000000,27000,no
157,SELL,0.280440,21:07:23.333758190,no,-,-,-,-,0.100000,10.000000,1.087909,2,1,1194,2406,7.500000,0.000000,27000,no
158,SELL,0.458032,21:07:23.333758190,no,-,-,-,-,0.100000,10.000000,1.087909,2,1,1198,2402,7.500000,0.000000,27000,no
159,SELL,0.302517,21:07:23.333758190,no,-,-,-,-,0.100000,10.000000,1.087909,2,1,1201,2399,7.500000,0.000000,27000,no
160,SELL,0.144695,21:07:23.333758190,no,-,-,-,-,0.100000,10.000000,1.087909,2,1,1206,2394,7.500000,0.000000,27000,no
161,SELL,0.231522,21:07:23.333758190,no,-,-,-,-,0.100000,10.000000,1.087909,2,1,1213,2387,7.500000,0.000000,27000,no
162,SELL,0.380737,21:07:23.333758190,no,-,-,-,-,0.100000,10.000000,1.087909,2,1,1219,2381,7.500000,0.000000,27000,no
163,SELL,1.156352,21:07:23.333758190,no,-,-,-,-,0.100000,10.000000,1.087909,2,1,1225,2375,7.500000,0.000000,27000,no
164,SELL,1.121421,21:07:23.333758190,no,-,-,-,-,0.100000,10.000000,1.087909,2,1,1231,2369,7.500000,0.000000,27000,no
165,SELL,1.207462,21:07:23.333758190,no,-,-,-,-,0.100000,10.000000,1.087909,2,1,1234,2366,7.500000,0.000000,27000,no
166,SELL,-0.073645,21:07:23.333758190,no,-,-,-,-,0.100000,10.000000,1.087909,2,1,1238,2362,7.500000,0.000000,27000,no
167,SELL,0.139637,21:07:23.333758190,no,-,-,-,-,0.100000,10.000000,1.087909,2,1,1242,2358,7.500000,0.000000,27000,no
168,SELL,-0.001607,21:07:23.333758190,no,-,-,-,-,0.100000,10.000000,1.087909,2,1,1248,2352,7.500000,0.000000,27000,no
169,SELL,0.116400,21:07:23.333758190,no,-,-,-,-,0.100000,10.000000,1.087909,2,1,1251,2349,7.500000,0.000000,27000,no
170,SELL,-0.018487,21:07:23.333758190,no,-,-,-,-,0.100000,10.000000,1.087909,2,1,1255,2345,7.500000,0.000000,27000,no
171,SELL,0.285550,21:07:23.333758190,no,-,-,-,-,0.100000,10.000000,1.087909,2,1,1259,2341,7.500000,0.000000,27000,no
172,SELL,-0.229119,21:07:23.333758190,no,-,-,-,-,0.100000,10.000000,1.087909,2,1,1264,2336,7.500000,0.000000,27000,no
173,SELL,0.032945,21:07:23.333758190,no,-,-,-,-,0.100000,10.000000,1.087909,2,1,1268,2332,7.500000,0.000000,27000,no
174,SELL,0.159787,21:07:23.333758190,no,-,-,-,-,0.100000,10.000000,1.087909,2,1,1271,2329,7.500000,0.000000,27000,no
175,SELL,0.405763,21:07:23.333758190,no,-,-,-,-,0.100000,10.000000,1.087909,2,1,1275,2325,7.500000,0.000000,27000,no
176,SELL,1.184904,21:07:23.333758190,no,-,-,-,-,0.100000,10.000000,1.087909,2,1,1279,2321,7.500000,0.000000,27000,no
177,SELL,1.155616,21:07:23.333758190,no,-,-,-,-,0.100000,10.000000,1.087909,2,1,1282,2318,7.500000,0.000000,27000,no
178,SELL,1.454369,21:07:23.333758190,no,-,-,-,-,0.100000,10.000000,1.087909,2,1,1287,2313,7.500000,0.000000,27000,no
179,SELL,0.914629,21:07:23.333758190,no,-,-,-,-,0.100000,10.000000,1.087909,2,1,1291,2309,7.500000,0.000000,27000,no
180,SELL,1.154646,21:07:23.333758190,no,-,-,-,-,0.100000,10.000000,1.087909,2,1,1297,2303,7.500000,0.000000,27000,no
181,SELL,0.542838,21:07:23.333758190,no,-,-,-,-,0.100000,10.000000,1.087909,2,1,1300,2300,7.500000,0.000000,27000,no
182,SELL,-0.018637,21:07:23.333758190,no,-,-,-,-,0.100000,10.000000,1.087909,2,1,1304,2296,7.500000,0.000000,27000,no
183,SELL,-0.004389,21:07:23.333758190,no,-,-,-,-,0.100000,10.000000,1.087909,2,1,1308,2292,7.500000,0.000000,27000,no
184,SELL,0.036088,21:07:23.333758190,no,-,-,-,-,0.100000,10.000000,1.087909,2,1,1313,2287,7.500000,0.000000,27000,no
185,SELL,0.072588,21:07:23.333758190,no,-,-,-,-,0.100000,10.000000,1.087909,2,1,1316,2284,7.500000,0.000000,27000,no
186,SELL,-0.229391,21:07:23.333758190,no,-,-,-,-,0.100000,10.000000,1.087909,2,1,1320,2280,7.500000,0.000000,27000,no
187,SELL,-0.340196,21:07:23.333758190,no,-,-,-,-,0.100000,10.000000,1.087909,2,1,1325,2275,7.500000,0.000000,27000,no
188,SELL,-0.002800,21:07:23.333758190,no,-,-,-,-,0.100000,10.000000,1.087909,2,1,1330,2270,7.500000,0.000000,27000,no
189,SELL,0.008859,21:07:23.333758190,no,-,-,-,-,0.100000,10.000000,1.087909,2,1,1335,2265,7.500000,0.000000,27000,no
190,SELL,0.303971,21:07:23.333758190,no,-,-,-,-,0.100000,10.000000,1.087909,2,1,1338,2262,7.500000,0.000000,27000,no
191,SELL,1.135827,21:07:23.333758190,no,-,-,-,-,0.100000,10.000000,1.087909,2,1,1348,2252,7.500000,0.000000,27000,no
192,SELL,1.005326,21:07:23.333758190,no,-,-,-,-,0.100000,10.000000,1.087909,2,1,1352,2248,7.500000,0.000000,27000,no
193,SELL,0.594448,21:07:23.333758190,no,-,-,-,-,0.100000,10.000000,1.087909,2,1,1355,2245,7.500000,0.000000,27000,no
194,SELL,0.410567,21:07:23.333758190,no,-,-,-,-,0.100000,10.000000,1.087909,2,1,1358,2242,7.500000,0.000000,27000,no
195,SELL,1.351704,21:07:23.333758190,no,-,-,-,-,0.100000,10.000000,1.087909,2,1,1361,2239,7.500000,0.000000,27000,no
196,SELL,1.446052,21:07:23.333758190,no,-,-,-,-,0.100000,10.000000,1.087909,2,1,1365,2235,7.500000,0.000000,27000,no
197,SELL,1.291440,21:07:23.333758190,no,-,-,-,-,0.100000,10.000000,1.087909,2,1,1369,2231,7.500000,0.000000,27000,no
198,SELL,0.663835,21:07:23.333758190,no,-,-,-,-,0.100000,10.000000,1.087909,2,1,1375,2225,7.500000,0.000000,27000,no
199,SELL,0.328095,21:07:23.333758190,no,-,-,-,-,0.100000,10.000000,1.087909,2,1,1428,2172,7.500000,0.000000,27000,no
200,SELL,1.956553,21:07:23.333758190,no,-,-,-,-,0.100000,10.000000,1.087909,2,1,1435,2165,7.500000,0.000000,27000,no
201,SELL,0.563141,21:07:23.333758190,no,-,-,-,-,0.100000,10.000000,1.087909,2,1,1491,2109,7.500000,0.000000,27000,no
202,SELL,-0.127810,21:07:23.333758190,no,-,-,-,-,0.100000,10.000000,1.087909,2,1,1495,2105,7.500000,0.000000,27000,no
203,SELL,-1.068533,21:07:23.333758190,no,-,-,-,-,0.100000,10.000000,1.087909,2,1,1562,2038,7.500000,0.000000,27000,no
204,SELL,-0.721320,21:07:23.333758190,no,-,-,-,-,0.100000,10.000000,1.087909,2,1,1565,2035,7.500000,0.000000,27000,no
205,SELL,-0.293294,21:07:23.333758190,no,-,-,-,-,0.100000,10.000000,1.087909,2,1,1567,2033,7.500000,0.000000,27000,no
206,SELL,-0.108026,21:07:23.333758190,no,-,-,-,-,0.100000,10.000000,1.087909,2,1,1572,2028,7.500000,0.000000,27000,no
207,SELL,-0.027315,21:07:23.333758190,no,-,-,-,-,0.100000,10.000000,1.087909,2,1,1577,2023,7.500000,0.000000,27000,no
208,SELL,-0.905526,21:07:23.333758190,no,-,-,-,-,0.100000,10.000000,1.087909,2,1,1580,2020,7.500000,0.000000,27000,no
209,SELL,-1.307943,21:07:23.333758190,no,-,-,-,-,0.100000,10.000000,1.087909,2,1,1584,2016,7.500000,0.000000,27000,no
210,SELL,-0.827805,21:07:23.333758190,no,-,-,-,-,0.100000,10.000000,1.087909,2,1,1588,2012,7.500000,0.000000,27000,no
211,SELL,0.547141,21:07:23.333758190,no,-,-,-,-,0.100000,10.000000,1.087909,2,1,1593,2007,7.500000,0.000000,27000,no
212,SELL,-0.520091,21:07:23.333758190,no,-,-,-,-,0.100000,10.000000,1.087909,2,1,1617,1983,7.500000,0.000000,27000,no
213,SELL,-1.132044,21:07:23.333758190,no,-,-,-,-,0.100000,10.000000,1.087909,2,1,1620,1980,7.500000,0.000000,27000,no
214,SELL,-0.263895,21:07:23.333758190,no,-,-,-,-,0.100000,10.000000,1.087909,2,1,1626,1974,7.500000,0.000000,27000,no
215,SELL,-0.860420,21:07:23.333758190,no,-,-,-,-,0.100000,10.000000,1.087909,2,1,1635,1965,7.500000,0.000000,27000,no
216,SELL,-1.368619,21:07:23.333758190,no,-,-,-,-,0.100000,10.000000,1.087909,2,1,1649,1951,7.500000,0.000000,27000,no
217,SELL,-0.692147,21:07:23.333758190,no,-,-,-,-,0.100000,10.000000,1.087909,2,1,1653,1947,7.500000,0.000000,27000,no
218,SELL,3.476603,21:07:23.333758190,no,-,-,-,-,0.100000,10.000000,1.087909,2,1,4926,-1326,7.500000,0.000000,27000,yes
219,SELL,3.163297,21:07:23.333758190,no,-,-,-,-,0.100000,10.000000,1.087909,2,1,4930,-1330,7.500000,0.000000,27000,yes
220,SELL,1.611118,21:07:23.333758190,no,-,-,-,-,0.100000,10.000000,1.087909,2,1,4935,-1335,7.500000,0.000000,27000,yes
221,SELL,0.662597,21:07:23.333758190,no,-,-,-,-,0.100000,10.000000,1.087909,2,1,4938,-1338,7.500000,0.000000,27000,yes
222,SELL,-0.685380,21:07:23.333758190,no,-,-,-,-,0.100000,10.000000,1.087909,2,1,4942,-1342,7.500000,0.000000,27000,yes
223,SELL,-1.593850,21:07:23.333758190,no,-,-,-,-,0.100000,10.000000,1.087909,2,1,4946,-1346,7.500000,0.000000,27000,yes
224,SELL,-1.305744,21:07:23.333758190,no,-,-,-,-,0.100000,10.000000,1.087909,2,1,4949,-1349,7.500000,0.000000,27000,yes
225,SELL,-0.658004,21:07:23.333758190,no,-,-,-,-,0.100000,10.000000,1.087909,2,1,4954,-1354,7.500000,0.000000,27000,yes
226,SELL,2.058156,21:07:23.333758190,no,-,-,-,-,0.100000,10.000000,1.087909,2,1,4957,-1357,7.500000,0.000000,27000,yes
227,SELL,1.576327,21:07:23.333758190,no,-,-,-,-,0.100000,10.000000,1.087909,2,1,4960,-1360,7.500000,0.000000,27000,yes
228,SELL,0.797590,21:07:23.333758190,no,-,-,-,-,0.100000,10.000000,1.087909,2,1,4965,-1365,7.500000,0.000000,27000,yes
229,SELL,1.008379,21:07:23.333758190,no,-,-,-,-,0.100000,10.000000,1.087909,2,1,4968,-1368,7.500000,0.000000,27000,yes
230,SELL,1.337620,21:07:23.333758190,no,-,-,-,-,0.100000,10.000000,1.087909,2,1,4972,-1372,7.500000,0.000000,27000,yes
231,SELL,-0.923852,21:07:23.333758190,no,-,-,-,-,0.100000,10.000000,1.087909,2,1,4977,-1377,7.500000,0.000000,27000,yes
232,SELL,-0.648338,21:07:23.333758190,no,-,-,-,-,0.100000,10.000000,1.087909,2,1,4981,-1381,7.500000,0.000000,27000,yes
233,SELL,-0.257689,21:07:23.333758190,no,-,-,-,-,0.100000,10.000000,1.087909,2,1,4985,-1385,7.500000,0.000000,27000,yes
234,SELL,0.947635,21:07:23.333758190,no,-,-,-,-,0.100000,10.000000,1.087909,2,1,4990,-1390,7.500000,0.000000,27000,yes
235,SELL,1.541833,21:07:23.333758190,no,-,-,-,-,0.100000,10.000000,1.087909,2,1,4994,-1394,7.500000,0.000000,27000,yes
236,SELL,0.983910,21:07:23.333758190,no,-,-,-,-,0.100000,10.000000,1.087909,2,1,4999,-1399,7.500000,0.000000,27000,yes
237,SELL,0.532539,21:07:23.333758190,no,-,-,-,-,0.100000,10.000000,1.087909,2,1,5004,-1404,7.500000,0.000000,27000,yes
238,SELL,0.728600,21:07:23.333758190,no,-,-,-,-,0.100000,10.000000,1.087909,2,1,5007,-1407,7.500000,0.000000,27000,yes
239,SELL,-0.927166,21:07:23.333758190,no,-,-,-,-,0.100000,10.000000,1.087909,2,1,5032,-1432,7.500000,0.000000,27000,yes
240,SELL,-1.277009,21:07:23.333758190,no,-,-,-,-,0.100000,10.000000,1.087909,2,1,5035,-1435,7.500000,0.000000,27000,yes
241,SELL,-0.816626,21:07:23.333758190,no,-,-,-,-,0.100000,10.000000,1.087909,2,1,5038,-1438,7.500000,0.000000,27000,yes
242,SELL,0.926498,21:07:23.333758190,no,-,-,-,-,0.100000,10.000000,1.087909,2,1,5041,-1441,7.500000,0.000000,27000,yes
243,SELL,9.336724,21:07:23.333758190,no,-,-,-,-,0.100000,10.000000,1.087909,2,1,11325,-7725,7.500000,0.000000,27000,yes
244,SELL,7.978036,21:07:23.333758190,no,-,-,-,-,0.100000,10.000000,1.087909,2,1,11336,-7736,7.500000,0.000000,27000,yes
245,SELL,7.131618,21:07:23.333758190,no,-,-,-,-,0.100000,10.000000,1.087909,2,1,11347,-7747,7.500000,0.000000,27000,yes
246,SELL,7.077889,21:07:23.333758190,no,-,-,-,-,0.100000,10.000000,1.087909,2,1,11357,-7757,7.500000,0.000000,27000,yes
247,SELL,5.816260,21:07:23.333758190,no,-,-,-,-,0.100000,10.000000,1.087909,2,1,11367,-7767,7.500000,0.000000,27000,yes
248,SELL,5.278988,21:07:23.333758190,no,-,-,-,-,0.100000,10.000000,1.087909,2,1,11379,-7779,7.500000,0.000000,27000,yes
249,SELL,4.822627,21:07:23.333758190,no,-,-,-,-,0.100000,10.000000,1.087909,2,1,11389,-7789,7.500000,0.000000,27000,yes
250,SELL,5.719163,21:07:23.333758190,no,-,-,-,-,0.100000,10.000000,1.087909,2,1,11400,-7800,7.500000,0.000000,27000,yes
251,SELL,4.529757,21:07:23.333758190,no,-,-,-,-,0.100000,10.000000,1.087909,2,1,11411,-7811,7.500000,0.000000,27000,yes
252,SELL,4.805406,21:07:23.333758190,no,-,-,-,-,0.100000,10.000000,1.087909,2,1,11421,-7821,7.500000,0.000000,27000,yes
253,SELL,10.310759,21:07:23.333758190,no,-,-,-,-,0.100000,10.000000,1.087909,2,1,11432,-7832,7.500000,0.000000,27000,yes
254,SELL,6.535924,21:07:23.333758190,no,-,-,-,-,0.100000,10.000000,1.087909,2,1,11443,-7843,7.500000,0.000000,27000,yes
255,SELL,1.781618,21:07:23.333758190,no,-,-,-,-,0.100000,10.000000,1.087909,2,1,11454,-7854,7.500000,0.000000,27000,yes
256,SELL,1.072338,21:07:23.333758190,no,-,-,-,-,0.100000,10.000000,1.087909,2,1,11464,-7864,7.500000,0.000000,27000,yes
257,SELL,1.681894,21:07:23.333758190,no,-,-,-,-,0.100000,10.000000,1.087909,2,1,11474,-7874,7.500000,0.000000,27000,yes
258,SELL,2.054075,21:07:23.333758190,no,-,-,-,-,0.100000,10.000000,1.087909,2,1,11486,-7886,7.500000,0.000000,27000,yes
259,SELL,3.255727,21:07:23.333758190,no,-,-,-,-,0.100000,10.000000,1.087909,2,1,11497,-7897,7.500000,0.000000,27000,yes
260,SELL,1.811934,21:07:23.333758190,no,-,-,-,-,0.100000,10.000000,1.087909,2,1,11508,-7908,7.500000,0.000000,27000,yes
261,SELL,3.475155,21:07:23.333758190,no,-,-,-,-,0.100000,10.000000,1.087909,2,1,11515,-7915,7.500000,0.000000,27000,yes
262,SELL,3.714869,21:07:23.333758190,no,-,-,-,-,0.100000,10.000000,1.087909,2,1,11530,-7930,7.500000,0.000000,27000,yes
263,SELL,3.356929,21:07:23.333758190,no,-,-,-,-,0.100000,10.000000,1.087909,2,1,11541,-7941,7.500000,0.000000,27000,yes
264,SELL,1.449785,21:07:23.333758190,no,-,-,-,-,0.100000,10.000000,1.087909,2,1,11551,-7951,7.500000,0.000000,27000,yes
265,SELL,0.036567,21:07:23.333758190,no,-,-,-,-,0.100000,10.000000,1.087909,2,1,11562,-7962,7.500000,0.000000,27000,yes
266,SELL,2.292560,21:07:23.333758190,no,-,-,-,-,0.100000,10.000000,1.087909,2,1,11574,-7974,7.500000,0.000000,27000,yes
267,SELL,-0.925120,21:07:23.333758190,no,-,-,-,-,0.100000,10.000000,1.087909,2,1,11584,-7984,7.500000,0.000000,27000,yes
268,SELL,2.361059,21:07:23.333758190,no,-,-,-,-,0.100000,10.000000,1.087909,2,1,11595,-7995,7.500000,0.000000,27000,yes
269,SELL,1.776192,21:07:23.333758190,no,-,-,-,-,0.100000,10.000000,1.087909,2,1,11606,-8006,7.500000,0.000000,27000,yes
270,SELL,0.877727,21:07:23.333758190,no,-,-,-,-,0.100000,10.000000,1.087909,2,1,11617,-8017,7.500000,0.000000,27000,yes
271,SELL,3.024631,21:07:23.333758190,no,-,-,-,-,0.100000,10.000000,1.087909,2,1,11627,-8027,7.500000,0.000000,27000,yes
272,SELL,0.997631,21:07:23.333758190,no,-,-,-,-,0.100000,10.000000,1.087909,2,1,11639,-8039,7.500000,0.000000,27000,yes
273,SELL,-3.984802,21:07:23.333758190,no,-,-,-,-,0.100000,10.000000,1.087909,2,1,11648,-8048,7.500000,0.000000,27000,yes
274,SELL,0.230147,21:07:23.333758190,no,-,-,-,-,0.100000,10.000000,1.087909,2,1,11659,-8059,7.500000,0.000000,27000,yes
275,SELL,1.683139,21:07:23.333758190,no,-,-,-,-,0.100000,10.000000,1.087909,2,1,11670,-8070,7.500000,0.000000,27000,yes
276,SELL,5.364654,21:07:23.333758190,no,-,-,-,-,0.100000,10.000000,1.087909,2,1,11681,-8081,7.500000,0.000000,27000,yes
277,SELL,5.784622,21:07:23.333758190,no,-,-,-,-,0.100000,10.000000,1.087909,2,1,11691,-8091,7.500000,0.000000,27000,yes
278,SELL,4.805823,21:07:23.333758190,no,-,-,-,-,0.100000,10.000000,1.087909,2,1,11701,-8101,7.500000,0.000000,27000,yes
279,SELL,5.760300,21:07:23.333758190,no,-,-,-,-,0.100000,10.000000,1.087909,2,1,11712,-8112,7.500000,0.000000,27000,yes
280,SELL,3.707460,21:07:23.333758190,no,-,-,-,-,0.100000,10.000000,1.087909,2,1,11722,-8122,7.500000,0.000000,27000,yes
281,SELL,4.640027,21:07:23.333758190,no,-,-,-,-,0.100000,10.000000,1.087909,2,1,11733,-8133,7.500000,0.000000,27000,yes
282,SELL,1.420485,21:07:23.333758190,no,-,-,-,-,0.100000,10.000000,1.087909,2,1,11743,-8143,7.500000,0.000000,27000,yes
283,SELL,2.453643,21:07:23.333758190,no,-,-,-,-,0.100000,10.000000,1.087909,2,1,11754,-8154,7.500000,0.000000,27000,yes
284,SELL,3.944381,21:07:23.333758190,no,-,-,-,-,0.100000,10.000000,1.087909,2,1,11765,-8165,7.500000,0.000000,27000,yes
285,SELL,4.138825,21:07:23.333758190,no,-,-,-,-,0.100000,10.000000,1.087909,2,1,11776,-8176,7.500000,0.000000,27000,yes
286,SELL,1.953018,21:07:23.333758190,no,-,-,-,-,0.100000,10.000000,1.087909,2,1,11786,-8186,7.500000,0.000000,27000,yes
287,SELL,3.218242,21:07:23.333758190,no,-,-,-,-,0.100000,10.000000,1.087909,2,1,11796,-8196,7.500000,0.000000,27000,yes
288,SELL,2.177743,21:07:23.333758190,no,-,-,-,-,0.100000,10.000000,1.087909,2,1,11808,-8208,7.500000,0.000000,27000,yes
289,SELL,1.360322,21:07:23.333758190,no,-,-,-,-,0.100000,10.000000,1.087909,2,1,11818,-8218,7.500000,0.000000,27000,yes
290,SELL,1.923006,21:07:23.333758190,no,-,-,-,-,0.100000,10.000000,1.087909,2,1,11829,-8229,7.500000,0.000000,27000,yes
291,SELL,2.577218,21:07:23.333758190,no,-,-,-,-,0.100000,10.000000,1.087909,2,1,11839,-8239,7.500000,0.000000,27000,yes
292,SELL,4.253771,21:07:23.333758190,no,-,-,-,-,0.100000,10.000000,1.087909,2,1,11848,-8248,7.500000,0.000000,27000,yes
293,SELL,0.989763,21:07:23.333758190,no,-,-,-,-,0.100000,10.000000,1.087909,2,1,11860,-8260,7.500000,0.000000,27000,yes
294,SELL,4.059204,21:07:23.333758190,no,-,-,-,-,0.100000,10.000000,1.087909,2,1,11871,-8271,7.500000,0.000000,27000,yes
295,SELL,5.331151,21:07:23.333758190,no,-,-,-,-,0.100000,10.000000,1.087909,2,1,11932,-8332,7.500000,0.000000,27000,yes
296,SELL,3.455706,21:07:23.333758190,no,-,-,-,-,0.100000,10.000000,1.087909,2,1,11937,-8337,7.500000,0.000000,27000,yes
297,SELL,5.287861,21:07:23.333758190,no,-,-,-,-,0.100000,10.000000,1.087909,2,1,11944,-8344,7.500000,0.000000,27000,yes
298,SELL,2.399376,21:07:23.333758190,no,-,-,-,-,0.100000,10.000000,1.087909,2,1,11953,-8353,7.500000,0.000000,27000,yes
299,SELL,3.944768,21:07:23.333758190,no,-,-,-,-,0.100000,10.000000,1.087909,2,1,11964,-8364,7.500000,0.000000,27000,yes
300,SELL,2.255762,21:07:23.333758190,no,-,-,-,-,0.100000,10.000000,1.087909,2,1,11975,-8375,7.500000,0.000000,27000,yes
301,SELL,2.964239,21:07:23.333758190,no,-,-,-,-,0.100000,10.000000,1.087909,2,1,11986,-8386,7.500000,0.000000,27000,yes
302,SELL,4.147056,21:07:23.333758190,no,-,-,-,-,0.100000,10.000000,1.087909,2,1,11996,-8396,7.500000,0.000000,27000,yes
303,SELL,2.124929,21:07:23.333758190,no,-,-,-,-,0.100000,10.000000,1.087909,2,1,12006,-8406,7.500000,0.000000,27000,yes
304,SELL,3.249230,21:07:23.333758190,no,-,-,-,-,0.100000,10.000000,1.087909,2,1,12018,-8418,7.500000,0.000000,27000,yes
305,SELL,6.159800,21:07:23.333758190,no,-,-,-,-,0.100000,10.000000,1.087909,2,1,12028,-8428,7.500000,0.000000,27000,yes
306,SELL,2.916486,21:07:23.333758190,no,-,-,-,-,0.100000,10.000000,1.087909,2,1,12038,-8438,7.500000,0.000000,27000,yes
307,SELL,4.785822,21:07:23.333758190,no,-,-,-,-,0.100000,10.000000,1.087909,2,1,12049,-8449,7.500000,0.000000,27000,yes
308,SELL,7.329803,21:07:23.333758190,no,-,-,-,-,0.100000,10.000000,1.087909,2,1,18250,-14650,7.500000,0.000000,27000,yes
309,SELL,8.151814,21:07:23.333758190,no,-,-,-,-,0.100000,10.000000,1.087909,2,1,18254,-14654,7.500000,0.000000,27000,yes
