轮数,方向,预测值,算法开始时间,是否下单,下单价格,档位,下单量,下单耗时(从预测到下单),r1,r2,std,freq,qty_scalar,经过时间,剩余时间,目标速度,实际速度,剩余量,是否为最后一轮
1,SELL,-1.466351,21:07:23.334507138,no,-,-,-,-,0.909091,1.100000,0.799588,2,1,332,3268,15.000000,0.000000,54000,no
2,SELL,-1.968263,21:07:23.334507138,no,-,-,-,-,0.826446,1.210000,0.799588,2,1,336,3264,15.000000,0.000000,54000,no
3,SELL,-1.128901,21:07:23.334507138,no,-,-,-,-,0.751315,1.331000,0.799588,2,1,339,3261,15.000000,0.000000,54000,no
4,SELL,-2.102025,21:07:23.334507138,no,-,-,-,-,0.683013,1.464100,0.799588,2,1,343,3257,15.000000,0.000000,54000,no
5,SELL,-2.099693,21:07:23.334507138,no,-,-,-,-,0.620921,1.610510,0.799588,2,1,347,3253,15.000000,0.000000,54000,no
6,SELL,-2.003994,21:07:23.334507138,no,-,-,-,-,0.564474,1.771561,0.799588,2,1,351,3249,15.000000,0.000000,54000,no
7,SELL,-1.867870,21:07:23.334507138,no,-,-,-,-,0.513158,1.948717,0.799588,2,1,356,3244,15.000000,0.000000,54000,no
8,SELL,-1.169892,21:07:23.334507138,no,-,-,-,-,0.466507,2.143589,0.799588,2,1,360,3240,15.000000,0.000000,54000,no
9,SELL,-0.773879,21:07:23.334507138,no,-,-,-,-,0.424098,2.357948,0.799588,2,1,363,3237,15.000000,0.000000,54000,no
10,SELL,-1.204893,21:07:23.334507138,no,-,-,-,-,0.385543,2.593742,0.799588,2,1,367,3233,15.000000,0.000000,54000,no
11,SELL,-1.021268,21:07:23.334507138,no,-,-,-,-,0.350494,2.853117,0.799588,2,1,370,3230,15.000000,0.000000,54000,no
12,SELL,-1.895558,21:07:23.334507138,no,-,-,-,-,0.318631,3.138428,0.799588,2,1,373,3227,15.000000,0.000000,54000,no
13,SELL,-1.565819,21:07:23.334507138,no,-,-,-,-,0.289664,3.452271,0.799588,2,1,377,3223,15.000000,0.000000,54000,no
14,SELL,-1.619027,21:07:23.334507138,no,-,-,-,-,0.263331,3.797498,0.799588,2,1,381,3219,15.000000,0.000000,54000,no
15,SELL,-1.637833,21:07:23.334507138,no,-,-,-,-,0.239392,4.177248,0.799588,2,1,383,3217,15.000000,0.000000,54000,no
16,SELL,-1.355658,21:07:23.334507138,no,-,-,-,-,0.217629,4.594973,0.799588,2,1,387,3213,15.000000,0.000000,54000,no
17,SELL,-1.506510,21:07:23.334507138,no,-,-,-,-,0.197845,5.054470,0.799588,2,1,392,3208,15.000000,0.000000,54000,no
18,SELL,-1.481160,21:07:23.334507138,no,-,-,-,-,0.179859,5.559917,0.799588,2,1,397,3203,15.000000,0.000000,54000,no
19,SELL,-1.862516,21:07:23.334507138,no,-,-,-,-,0.163508,6.115909,0.799588,2,1,399,3201,15.000000,0.000000,54000,no
20,SELL,-1.949468,21:07:23.334507138,no,-,-,-,-,0.148644,6.727500,0.799588,2,1,402,3198,15.000000,0.000000,54000,no
21,SELL,-2.153853,21:07:23.334507138,no,-,-,-,-,0.135131,7.400250,0.799588,2,1,406,3194,15.000000,0.000000,54000,no
22,SELL,-1.652851,21:07:23.334507138,no,-,-,-,-,0.122846,8.140275,0.799588,2,1,410,3190,15.000000,0.000000,54000,no
23,SELL,0.439767,21:07:23.334507138,no,-,-,-,-,0.111678,8.954302,0.799588,2,1,412,3188,15.000000,0.000000,54000,no
24,SELL,-0.455368,21:07:23.334507138,no,-,-,-,-,0.101526,9.849733,0.799588,2,1,417,3183,15.000000,0.000000,54000,no
25,SELL,-0.873898,21:07:23.334507138,no,-,-,-,-,0.100000,10.000000,0.799588,2,1,422,3178,15.000000,0.000000,54000,no
26,SELL,-0.916515,21:07:23.334507138,no,-,-,-,-,0.100000,10.000000,0.799588,2,1,427,3173,15.000000,0.000000,54000,no
27,SELL,-0.531696,21:07:23.334507138,no,-,-,-,-,0.100000,10.000000,0.799588,2,1,432,3168,15.000000,0.000000,54000,no
28,SELL,-0.624963,21:07:23.334507138,no,-,-,-,-,0.100000,10.000000,0.799588,2,1,438,3162,15.000000,0.000000,54000,no
29,SELL,-0.617711,21:07:23.334507138,no,-,-,-,-,0.100000,10.000000,0.799588,2,1,442,3158,15.000000,0.000000,54000,no
30,SELL,-0.567468,21:07:23.334507138,no,-,-,-,-,0.100000,10.000000,0.799588,2,1,445,3155,15.000000,0.000000,54000,no
31,SELL,-1.520093,21:07:23.334507138,no,-,-,-,-,0.100000,10.000000,0.799588,2,1,448,3152,15.000000,0.000000,54000,no
32,SELL,-2.076628,21:07:23.334507138,no,-,-,-,-,0.100000,10.000000,0.799588,2,1,452,3148,15.000000,0.000000,54000,no
33,SELL,-0.451080,21:07:23.334507138,no,-,-,-,-,0.100000,10.000000,0.799588,2,1,457,3143,15.000000,0.000000,54000,no
34,SELL,0.366242,21:07:23.334507138,no,-,-,-,-,0.100000,10.000000,0.799588,2,1,461,3139,15.000000,0.000000,54000,no
35,SELL,1.731718,21:07:23.334507138,no,-,-,-,-,0.100000,10.000000,0.799588,2,1,464,3136,15.000000,0.000000,54000,no
36,SELL,1.990758,21:07:23.334507138,no,-,-,-,-,0.100000,10.000000,0.799588,2,1,467,3133,15.000000,0.000000,54000,no
37,SELL,1.582374,21:07:23.334507138,no,-,-,-,-,0.100000,10.000000,0.799588,2,1,471,3129,15.000000,0.000000,54000,no
38,SELL,1.920872,21:07:23.334507138,no,-,-,-,-,0.100000,10.000000,0.799588,2,1,475,3125,15.000000,0.000000,54000,no
39,SELL,1.100062,21:07:23.334507138,no,-,-,-,-,0.100000,10.000000,0.799588,2,1,480,3120,15.000000,0.000000,54000,no
40,SELL,0.008809,21:07:23.334507138,no,-,-,-,-,0.100000,10.000000,0.799588,2,1,483,3117,15.000000,0.000000,54000,no
41,SELL,0.095772,21:07:23.334507138,no,-,-,-,-,0.100000,10.000000,0.799588,2,1,487,3113,15.000000,0.000000,54000,no
42,SELL,0.108155,21:07:23.334507138,no,-,-,-,-,0.100000,10.000000,0.799588,2,1,490,3110,15.000000,0.000000,54000,no
43,SELL,-0.316621,21:07:23.334507138,no,-,-,-,-,0.100000,10.000000,0.799588,2,1,495,3105,15.000000,0.000000,54000,no
44,SELL,0.666858,21:07:23.334507138,no,-,-,-,-,0.100000,10.000000,0.799588,2,1,501,3099,15.000000,0.000000,54000,no
45,SELL,0.919046,21:07:23.334507138,no,-,-,-,-,0.100000,10.000000,0.799588,2,1,505,3095,15.000000,0.000000,54000,no
46,SELL,2.038871,21:07:23.334507138,no,-,-,-,-,0.100000,10.000000,0.799588,2,1,509,3091,15.000000,0.000000,54000,no
47,SELL,2.957329,21:07:23.334507138,no,-,-,-,-,0.100000,10.000000,0.799588,2,1,513,3087,15.000000,0.000000,54000,no
48,SELL,2.535735,21:07:23.334507138,no,-,-,-,-,0.100000,10.000000,0.799588,2,1,518,3082,15.000000,0.000000,54000,no
49,SELL,3.904644,21:07:23.334507138,no,-,-,-,-,0.100000,10.000000,0.799588,2,1,522,3078,15.000000,0.000000,54000,no
50,SELL,2.966988,21:07:23.334507138,no,-,-,-,-,0.100000,10.000000,0.799588,2,1,527,3073,15.000000,0.000000,54000,no
51,SELL,2.681757,21:07:23.334507138,no,-,-,-,-,0.100000,10.000000,0.799588,2,1,530,3070,15.000000,0.000000,54000,no
52,SELL,2.426977,21:07:23.334507138,no,-,-,-,-,0.100000,10.000000,0.799588,2,1,535,3065,15.000000,0.000000,54000,no
53,SELL,2.167369,21:07:23.334507138,no,-,-,-,-,0.100000,10.000000,0.799588,2,1,539,3061,15.000000,0.000000,54000,no
54,SELL,2.133368,21:07:23.334507138,no,-,-,-,-,0.100000,10.000000,0.799588,2,1,546,3054,15.000000,0.000000,54000,no
55,SELL,1.514934,21:07:23.334507138,no,-,-,-,-,0.100000,10.000000,0.799588,2,1,553,3047,15.000000,0.000000,54000,no
56,SELL,1.350231,21:07:23.334507138,no,-,-,-,-,0.100000,10.000000,0.799588,2,1,557,3043,15.000000,0.000000,54000,no
57,SELL,2.796676,21:07:23.334507138,no,-,-,-,-,0.100000,10.000000,0.799588,2,1,563,3037,15.000000,0.000000,54000,no
58,SELL,3.037512,21:07:23.334507138,no,-,-,-,-,0.100000,10.000000,0.799588,2,1,568,3032,15.000000,0.000000,54000,no
59,SELL,2.515534,21:07:23.334507138,no,-,-,-,-,0.100000,10.000000,0.799588,2,1,571,3029,15.000000,0.000000,54000,no
60,SELL,0.760679,21:07:23.334507138,no,-,-,-,-,0.100000,10.000000,0.799588,2,1,576,3024,15.000000,0.000000,54000,no
61,SELL,2.369088,21:07:23.334507138,no,-,-,-,-,0.100000,10.000000,0.799588,2,1,578,3022,15.000000,0.000000,54000,no
62,SELL,2.928813,21:07:23.334507138,no,-,-,-,-,0.100000,10.000000,0.799588,2,1,583,3017,15.000000,0.000000,54000,no
63,SELL,2.416971,21:07:23.334507138,no,-,-,-,-,0.100000,10.000000,0.799588,2,1,587,3013,15.000000,0.000000,54000,no
64,SELL,2.356085,21:07:23.334507138,no,-,-,-,-,0.100000,10.000000,0.799588,2,1,592,3008,15.000000,0.000000,54000,no
65,SELL,2.006040,21:07:23.334507138,no,-,-,-,-,0.100000,10.000000,0.799588,2,1,595,3005,15.000000,0.000000,54000,no
66,SELL,2.044485,21:07:23.334507138,no,-,-,-,-,0.100000,10.000000,0.799588,2,1,600,3000,15.000000,0.000000,54000,no
67,SELL,2.656097,21:07:23.334507138,no,-,-,-,-,0.100000,10.000000,0.799588,2,1,604,2996,15.000000,0.000000,54000,no
68,SELL,2.332143,21:07:23.334507138,no,-,-,-,-,0.100000,10.000000,0.799588,2,1,608,2992,15.000000,0.000000,54000,no
69,SELL,2.791862,21:07:23.334507138,no,-,-,-,-,0.100000,10.000000,0.799588,2,1,611,2989,15.000000,0.000000,54000,no
70,SELL,2.195136,21:07:23.334507138,no,-,-,-,-,0.100000,10.000000,0.799588,2,1,614,2986,15.000000,0.000000,54000,no
71,SELL,1.566071,21:07:23.334507138,no,-,-,-,-,0.100000,10.000000,0.799588,2,1,618,2982,15.000000,0.000000,54000,no
72,SELL,1.645159,21:07:23.334507138,no,-,-,-,-,0.100000,10.000000,0.799588,2,1,621,2979,15.000000,0.000000,54000,no
73,SELL,1.924709,21:07:23.334507138,no,-,-,-,-,0.100000,10.000000,0.799588,2,1,625,2975,15.000000,0.000000,54000,no
74,SELL,1.941819,21:07:23.334507138,no,-,-,-,-,0.100000,10.000000,0.799588,2,1,630,2970,15.000000,0.000000,54000,no
75,SELL,2.494087,21:07:23.334507138,no,-,-,-,-,0.100000,10.000000,0.799588,2,1,634,2966,15.000000,0.000000,54000,no
76,SELL,1.956513,21:07:23.334507138,no,-,-,-,-,0.100000,10.000000,0.799588,2,1,637,2963,15.000000,0.000000,54000,no
77,SELL,1.560947,21:07:23.334507138,no,-,-,-,-,0.100000,10.000000,0.799588,2,1,640,2960,15.000000,0.000000,54000,no
78,SELL,2.799927,21:07:23.334507138,no,-,-,-,-,0.100000,10.000000,0.799588,2,1,642,2958,15.000000,0.000000,54000,no
79,SELL,2.383582,21:07:23.334507138,no,-,-,-,-,0.100000,10.000000,0.799588,2,1,645,2955,15.000000,0.000000,54000,no
80,SELL,2.445012,21:07:23.334507138,no,-,-,-,-,0.100000,10.000000,0.799588,2,1,648,2952,15.000000,0.000000,54000,no
81,SELL,3.417851,21:07:23.334507138,no,-,-,-,-,0.100000,10.000000,0.799588,2,1,651,2949,15.000000,0.000000,54000,no
82,SELL,3.211035,21:07:23.334507138,no,-,-,-,-,0.100000,10.000000,0.799588,2,1,655,2945,15.000000,0.000000,54000,no
83,SELL,4.429400,21:07:23.334507138,no,-,-,-,-,0.100000,10.000000,0.799588,2,1,659,2941,15.000000,0.000000,54000,no
84,SELL,3.820473,21:07:23.334507138,no,-,-,-,-,0.100000,10.000000,0.799588,2,1,663,2937,15.000000,0.000000,54000,no
85,SELL,4.960342,21:07:23.334507138,no,-,-,-,-,0.100000,10.000000,0.799588,2,1,667,2933,15.000000,0.000000,54000,no
86,SELL,5.971842,21:07:23.334507138,no,-,-,-,-,0.100000,10.000000,0.799588,2,1,670,2930,15.000000,0.000000,54000,no
87,SELL,5.974119,21:07:23.334507138,no,-,-,-,-,0.100000,10.000000,0.799588,2,1,673,2927,15.000000,0.000000,54000,no
88,SELL,5.032442,21:07:23.334507138,no,-,-,-,-,0.100000,10.000000,0.799588,2,1,677,2923,15.000000,0.000000,54000,no
89,SELL,6.234177,21:07:23.334507138,no,-,-,-,-,0.100000,10.000000,0.799588,2,1,680,2920,15.000000,0.000000,54000,no
90,SELL,5.929624,21:07:23.334507138,no,-,-,-,-,0.100000,10.000000,0.799588,2,1,684,2916,15.000000,0.000000,54000,no
91,SELL,6.019571,21:07:23.334507138,no,-,-,-,-,0.100000,10.000000,0.799588,2,1,687,2913,15.000000,0.000000,54000,no
92,SELL,6.424767,21:07:23.334507138,no,-,-,-,-,0.100000,10.000000,0.799588,2,1,690,2910,15.000000,0.000000,54000,no
93,SELL,8.205358,21:07:23.334507138,no,-,-,-,-,0.100000,10.000000,0.799588,2,1,694,2906,15.000000,0.000000,54000,no
94,SELL,7.381773,21:07:23.334507138,no,-,-,-,-,0.100000,10.000000,0.799588,2,1,697,2903,15.000000,0.000000,54000,no
95,SELL,6.835486,21:07:23.334507138,no,-,-,-,-,0.100000,10.000000,0.799588,2,1,702,2898,15.000000,0.000000,54000,no
96,SELL,6.535712,21:07:23.334507138,no,-,-,-,-,0.100000,10.000000,0.799588,2,1,705,2895,15.000000,0.000000,54000,no
97,SELL,6.790252,21:07:23.334507138,no,-,-,-,-,0.100000,10.000000,0.799588,2,1,707,2893,15.000000,0.000000,54000,no
98,SELL,7.618196,21:07:23.334507138,no,-,-,-,-,0.100000,10.000000,0.799588,2,1,711,2889,15.000000,0.000000,54000,no
99,SELL,7.191501,21:07:23.334507138,no,-,-,-,-,0.100000,10.000000,0.799588,2,1,714,2886,15.000000,0.000000,54000,no
100,SELL,6.939103,21:07:23.334507138,no,-,-,-,-,0.100000,10.000000,0.799588,2,1,716,2884,15.000000,0.000000,54000,no
101,SELL,7.603560,21:07:23.334507138,no,-,-,-,-,0.100000,10.000000,0.799588,2,1,719,2881,15.000000,0.000000,54000,no
102,SELL,5.813941,21:07:23.334507138,no,-,-,-,-,0.100000,10.000000,0.799588,2,1,723,2877,15.000000,0.000000,54000,no
103,SELL,6.272851,21:07:23.334507138,no,-,-,-,-,0.100000,10.000000,0.799588,2,1,726,2874,15.000000,0.000000,54000,no
104,SELL,6.174143,21:07:23.334507138,no,-,-,-,-,0.100000,10.000000,0.799588,2,1,730,2870,15.000000,0.000000,54000,no
105,SELL,6.603400,21:07:23.334507138,no,-,-,-,-,0.100000,10.000000,0.799588,2,1,733,2867,15.000000,0.000000,54000,no
106,SELL,4.650756,21:07:23.334507138,no,-,-,-,-,0.100000,10.000000,0.799588,2,1,738,2862,15.000000,0.000000,54000,no
107,SELL,4.191215,21:07:23.334507138,no,-,-,-,-,0.100000,10.000000,0.799588,2,1,743,2857,15.000000,0.000000,54000,no
108,SELL,3.878894,21:07:23.334507138,no,-,-,-,-,0.100000,10.000000,0.799588,2,1,750,2850,15.000000,0.000000,54000,no
109,SELL,3.566991,21:07:23.334507138,no,-,-,-,-,0.100000,10.000000,0.799588,2,1,756,2844,15.000000,0.000000,54000,no
110,SELL,2.329760,21:07:23.334507138,no,-,-,-,-,0.100000,10.000000,0.799588,2,1,759,2841,15.000000,0.000000,54000,no
111,SELL,2.960637,21:07:23.334507138,no,-,-,-,-,0.100000,10.000000,0.799588,2,1,764,2836,15.000000,0.000000,54000,no
112,SELL,4.879957,21:07:23.334507138,no,-,-,-,-,0.100000,10.000000,0.799588,2,1,767,2833,15.000000,0.000000,54000,no
113,SELL,2.560483,21:07:23.334507138,no,-,-,-,-,0.100000,10.000000,0.799588,2,1,771,2829,15.000000,0.000000,54000,no
114,SELL,3.331599,21:07:23.334507138,no,-,-,-,-,0.100000,10.000000,0.799588,2,1,774,2826,15.000000,0.000000,54000,no
115,SELL,3.233386,21:07:23.334507138,no,-,-,-,-,0.100000,10.000000,0.799588,2,1,777,2823,15.000000,0.000000,54000,no
116,SELL,2.760976,21:07:23.334507138,no,-,-,-,-,0.100000,10.000000,0.799588,2,1,782,2818,15.000000,0.000000,54000,no
117,SELL,2.531406,21:07:23.334507138,no,-,-,-,-,0.100000,10.000000,0.799588,2,1,785,2815,15.000000,0.000000,54000,no
118,SELL,2.390397,21:07:23.334507138,no,-,-,-,-,0.100000,10.000000,0.799588,2,1,787,2813,15.000000,0.000000,54000,no
119,SELL,3.297185,21:07:23.334507138,no,-,-,-,-,0.100000,10.000000,0.799588,2,1,790,2810,15.000000,0.000000,54000,no
120,SELL,0.988918,21:07:23.334507138,no,-,-,-,-,0.100000,10.000000,0.799588,2,1,793,2807,15.000000,0.000000,54000,no
121,SELL,-0.222641,21:07:23.334507138,no,-,-,-,-,0.100000,10.000000,0.799588,2,1,796,2804,15.000000,0.000000,54000,no
122,SELL,0.387512,21:07:23.334507138,no,-,-,-,-,0.100000,10.000000,0.799588,2,1,799,2801,15.000000,0.000000,54000,no
123,SELL,0.301280,21:07:23.334507138,no,-,-,-,-,0.100000,10.000000,0.799588,2,1,803,2797,15.000000,0.000000,54000,no
124,SELL,-0.447040,21:07:23.334507138,no,-,-,-,-,0.100000,10.000000,0.799588,2,1,808,2792,15.000000,0.000000,54000,no
125,SELL,-0.980809,21:07:23.334507138,no,-,-,-,-,0.100000,10.000000,0.799588,2,1,810,2790,15.000000,0.000000,54000,no
126,SELL,-0.558108,21:07:23.334507138,no,-,-,-,-,0.100000,10.000000,0.799588,2,1,814,2786,15.000000,0.000000,54000,no
127,SELL,-0.925224,21:07:23.334507138,no,-,-,-,-,0.100000,10.000000,0.799588,2,1,819,2781,15.000000,0.000000,54000,no
128,SELL,-1.238207,21:07:23.334507138,no,-,-,-,-,0.100000,10.000000,0.799588,2,1,822,2778,15.000000,0.000000,54000,no
129,SELL,-1.777050,21:07:23.334507138,no,-,-,-,-,0.100000,10.000000,0.799588,2,1,825,2775,15.000000,0.000000,54000,no
130,SELL,-0.783664,21:07:23.334507138,no,-,-,-,-,0.100000,10.000000,0.799588,2,1,829,2771,15.000000,0.000000,54000,no
131,SELL,-0.309082,21:07:23.334507138,no,-,-,-,-,0.100000,10.000000,0.799588,2,1,832,2768,15.000000,0.000000,54000,no
132,SELL,-0.592192,21:07:23.334507138,no,-,-,-,-,0.100000,10.000000,0.799588,2,1,835,2765,15.000000,0.000000,54000,no
133,SELL,-0.630770,21:07:23.334507138,no,-,-,-,-,0.100000,10.000000,0.799588,2,1,838,2762,15.000000,0.000000,54000,no
134,SELL,-0.150395,21:07:23.334507138,no,-,-,-,-,0.100000,10.000000,0.799588,2,1,841,2759,15.000000,0.000000,54000,no
135,SELL,0.231917,21:07:23.334507138,no,-,-,-,-,0.100000,10.000000,0.799588,2,1,844,2756,15.000000,0.000000,54000,no
136,SELL,-0.304978,21:07:23.334507138,no,-,-,-,-,0.100000,10.000000,0.799588,2,1,848,2752,15.000000,0.000000,54000,no
137,SELL,-0.225131,21:07:23.334507138,no,-,-,-,-,0.100000,10.000000,0.799588,2,1,851,2749,15.000000,0.000000,54000,no
138,SELL,-0.634444,21:07:23.334507138,no,-,-,-,-,0.100000,10.000000,0.799588,2,1,855,2745,15.000000,0.000000,54000,no
139,SELL,-0.805691,21:07:23.334507138,no,-,-,-,-,0.100000,10.000000,0.799588,2,1,858,2742,15.000000,0.000000,54000,no
140,SELL,0.550772,21:07:23.334507138,no,-,-,-,-,0.100000,10.000000,0.799588,2,1,861,2739,15.000000,0.000000,54000,no
141,SELL,0.279147,21:07:23.334507138,no,-,-,-,-,0.100000,10.000000,0.799588,2,1,863,2737,15.000000,0.000000,54000,no
142,SELL,-0.641271,21:07:23.334507138,no,-,-,-,-,0.100000,10.000000,0.799588,2,1,867,2733,15.000000,0.000000,54000,no
143,SELL,0.061913,21:07:23.334507138,no,-,-,-,-,0.100000,10.000000,0.799588,2,1,871,2729,15.000000,0.000000,54000,no
144,SELL,1.097961,21:07:23.334507138,no,-,-,-,-,0.100000,10.000000,0.799588,2,1,876,2724,15.000000,0.000000,54000,no
145,SELL,2.157614,21:07:23.334507138,no,-,-,-,-,0.100000,10.000000,0.799588,2,1,878,2722,15.000000,0.000000,54000,no
146,SELL,0.799645,21:07:23.334507138,no,-,-,-,-,0.100000,10.000000,0.799588,2,1,882,2718,15.000000,0.000000,54000,no
147,SELL,0.924466,21:07:23.334507138,no,-,-,-,-,0.100000,10.000000,0.799588,2,1,885,2715,15.000000,0.000000,54000,no
148,SELL,1.921544,21:07:23.334507138,no,-,-,-,-,0.100000,10.000000,0.799588,2,1,888,2712,15.000000,0.000000,54000,no
149,SELL,1.634786,21:07:23.334507138,no,-,-,-,-,0.100000,10.000000,0.799588,2,1,893,2707,15.000000,0.000000,54000,no
150,SELL,1.692745,21:07:23.334507138,no,-,-,-,-,0.100000,10.000000,0.799588,2,1,896,2704,15.000000,0.000000,54000,no
151,SELL,1.494769,21:07:23.334507138,no,-,-,-,-,0.100000,10.000000,0.799588,2,1,898,2702,15.000000,0.000000,54000,no
152,SELL,1.988447,21:07:23.334507138,no,-,-,-,-,0.100000,10.000000,0.799588,2,1,902,2698,15.000000,0.000000,54000,no
153,SELL,1.525908,21:07:23.334507138,no,-,-,-,-,0.100000,10.000000,0.799588,2,1,905,2695,15.000000,0.000000,54000,no
154,SELL,1.413157,21:07:23.334507138,no,-,-,-,-,0.100000,10.000000,0.799588,2,1,908,2692,15.000000,0.000000,54000,no
155,SELL,1.656463,21:07:23.334507138,no,-,-,-,-,0.100000,10.000000,0.799588,2,1,910,2690,15.000000,0.000000,54000,no
156,SELL,0.447732,21:07:23.334507138,no,-,-,-,-,0.100000,10.000000,0.799588,2,1,1190,2410,15.000000,0.000000,54000,no
157,SELL,1.609525,21:07:23.334507138,no,-,-,-,-,0.100000,10.000000,0.799588,2,1,1194,2406,15.000000,0.000000,54000,no
158,SELL,0.671836,21:07:23.334507138,no,-,-,-,-,0.100000,10.000000,0.799588,2,1,1198,2402,15.000000,0.000000,54000,no
159,SELL,0.260169,21:07:23.334507138,no,-,-,-,-,0.100000,10.000000,0.799588,2,1,1202,2398,15.000000,0.000000,54000,no
160,SELL,0.883700,21:07:23.334507138,no,-,-,-,-,0.100000,10.000000,0.799588,2,1,1206,2394,15.000000,0.000000,54000,no
161,SELL,0.256386,21:07:23.334507138,no,-,-,-,-,0.100000,10.000000,0.799588,2,1,1214,2386,15.000000,0.000000,54000,no
162,SELL,0.705119,21:07:23.334507138,no,-,-,-,-,0.100000,10.000000,0.799588,2,1,1219,2381,15.000000,0.000000,54000,no
163,SELL,0.851252,21:07:23.334507138,no,-,-,-,-,0.100000,10.000000,0.799588,2,1,1225,2375,15.000000,0.000000,54000,no
164,SELL,-0.400682,21:07:23.334507138,no,-,-,-,-,0.100000,10.000000,0.799588,2,1,1231,2369,15.000000,0.000000,54000,no
165,SELL,-0.227750,21:07:23.334507138,no,-,-,-,-,0.100000,10.000000,0.799588,2,1,1234,2366,15.000000,0.000000,54000,no
166,SELL,-0.928548,21:07:23.334507138,no,-,-,-,-,0.100000,10.000000,0.799588,2,1,1238,2362,15.000000,0.000000,54000,no
167,SELL,-0.457981,21:07:23.334507138,no,-,-,-,-,0.100000,10.000000,0.799588,2,1,1242,2358,15.000000,0.000000,54000,no
168,SELL,-0.708582,21:07:23.334507138,no,-,-,-,-,0.100000,10.000000,0.799588,2,1,1248,2352,15.000000,0.000000,54000,no
169,SELL,-0.920828,21:07:23.334507138,no,-,-,-,-,0.100000,10.000000,0.799588,2,1,1252,2348,15.000000,0.000000,54000,no
170,SELL,-0.153115,21:07:23.334507138,no,-,-,-,-,0.100000,10.000000,0.799588,2,1,1255,2345,15.000000,0.000000,54000,no
171,SELL,0.017647,21:07:23.334507138,no,-,-,-,-,0.100000,10.000000,0.799588,2,1,1259,2341,15.000000,0.000000,54000,no
172,SELL,-0.048088,21:07:23.334507138,no,-,-,-,-,0.100000,10.000000,0.799588,2,1,1264,2336,15.000000,0.000000,54000,no
173,SELL,0.350170,21:07:23.334507138,no,-,-,-,-,0.100000,10.000000,0.799588,2,1,1268,2332,15.000000,0.000000,54000,no
174,SELL,-0.181763,21:07:23.334507138,no,-,-,-,-,0.100000,10.000000,0.799588,2,1,1272,2328,15.000000,0.000000,54000,no
175,SELL,-0.159648,21:07:23.334507138,no,-,-,-,-,0.100000,10.000000,0.799588,2,1,1275,2325,15.000000,0.000000,54000,no
176,SELL,0.638186,21:07:23.334507138,no,-,-,-,-,0.100000,10.000000,0.799588,2,1,1279,2321,15.000000,0.000000,54000,no
177,SELL,0.906882,21:07:23.334507138,no,-,-,-,-,0.100000,10.000000,0.799588,2,1,1283,2317,15.000000,0.000000,54000,no
178,SELL,1.215717,21:07:23.334507138,no,-,-,-,-,0.100000,10.000000,0.799588,2,1,1287,2313,15.000000,0.000000,54000,no
179,SELL,0.392822,21:07:23.334507138,no,-,-,-,-,0.100000,10.000000,0.799588,2,1,1292,2308,15.000000,0.000000,54000,no
180,SELL,0.171990,21:07:23.334507138,no,-,-,-,-,0.100000,10.000000,0.799588,2,1,1297,2303,15.000000,0.000000,54000,no
181,SELL,0.296086,21:07:23.334507138,no,-,-,-,-,0.100000,10.000000,0.799588,2,1,1300,2300,15.000000,0.000000,54000,no
182,SELL,1.215887,21:07:23.334507138,no,-,-,-,-,0.100000,10.000000,0.799588,2,1,1304,2296,15.000000,0.000000,54000,no
183,SELL,1.200573,21:07:23.334507138,no,-,-,-,-,0.100000,10.000000,0.799588,2,1,1309,2291,15.000000,0.000000,54000,no
184,SELL,1.015037,21:07:23.334507138,no,-,-,-,-,0.100000,10.000000,0.799588,2,1,1313,2287,15.000000,0.000000,54000,no
185,SELL,0.654657,21:07:23.334507138,no,-,-,-,-,0.100000,10.000000,0.799588,2,1,1316,2284,15.000000,0.000000,54000,no
186,SELL,-0.155969,21:07:23.334507138,no,-,-,-,-,0.100000,10.000000,0.799588,2,1,1320,2280,15.000000,0.000000,54000,no
187,SELL,-0.533395,21:07:23.334507138,no,-,-,-,-,0.100000,10.000000,0.799588,2,1,1326,2274,15.000000,0.000000,54000,no
188,SELL,0.161234,21:07:23.334507138,no,-,-,-,-,0.100000,10.000000,0.799588,2,1,1330,2270,15.000000,0.000000,54000,no
189,SELL,-0.261507,21:07:23.334507138,no,-,-,-,-,0.100000,10.000000,0.799588,2,1,1335,2265,15.000000,0.000000,54000,no
190,SELL,0.094283,21:07:23.334507138,no,-,-,-,-,0.100000,10.000000,0.799588,2,1,1345,2255,15.000000,0.000000,54000,no
191,SELL,-0.069192,21:07:23.334507138,no,-,-,-,-,0.100000,10.000000,0.799588,2,1,1348,2252,15.000000,0.000000,54000,no
192,SELL,-0.309244,21:07:23.334507138,no,-,-,-,-,0.100000,10.000000,0.799588,2,1,1352,2248,15.000000,0.000000,54000,no
193,SELL,-0.516767,21:07:23.334507138,no,-,-,-,-,0.100000,10.000000,0.799588,2,1,1355,2245,15.000000,0.000000,54000,no
194,SELL,-0.721951,21:07:23.334507138,no,-,-,-,-,0.100000,10.000000,0.799588,2,1,1358,2242,15.000000,0.000000,54000,no
195,SELL,-0.976410,21:07:23.334507138,no,-,-,-,-,0.100000,10.000000,0.799588,2,1,1361,2239,15.000000,0.000000,54000,no
196,SELL,-0.999968,21:07:23.334507138,no,-,-,-,-,0.100000,10.000000,0.799588,2,1,1365,2235,15.000000,0.000000,54000,no
197,SELL,-1.421080,21:07:23.334507138,no,-,-,-,-,0.100000,10.000000,0.799588,2,1,1369,2231,15.000000,0.000000,54000,no
198,SELL,-1.499757,21:07:23.334507138,no,-,-,-,-,0.100000,10.000000,0.799588,2,1,1375,2225,15.000000,0.000000,54000,no
199,SELL,-0.748740,21:07:23.334507138,no,-,-,-,-,0.100000,10.000000,0.799588,2,1,1428,2172,15.000000,0.000000,54000,no
200,SELL,-0.126691,21:07:23.334507138,no,-,-,-,-,0.100000,10.000000,0.799588,2,1,1435,2165,15.000000,0.000000,54000,no
201,SELL,0.176683,21:07:23.334507138,no,-,-,-,-,0.100000,10.000000,0.799588,2,1,1491,2109,15.000000,0.000000,54000,no
202,SELL,0.058723,21:07:23.334507138,no,-,-,-,-,0.100000,10.000000,0.799588,2,1,1495,2105,15.000000,0.000000,54000,no
203,SELL,0.525384,21:07:23.334507138,no,-,-,-,-,0.100000,10.000000,0.799588,2,1,1552,2048,15.000000,0.000000,54000,no
204,SELL,0.343675,21:07:23.334507138,no,-,-,-,-,0.100000,10.000000,0.799588,2,1,1560,2040,15.000000,0.000000,54000,no
205,SELL,-0.740240,21:07:23.334507138,no,-,-,-,-,0.100000,10.000000,0.799588,2,1,1562,2038,15.000000,0.000000,54000,no
206,SELL,-1.233373,21:07:23.334507138,no,-,-,-,-,0.100000,10.000000,0.799588,2,1,1565,2035,15.000000,0.000000,54000,no
207,SELL,-3.158006,21:07:23.334507138,no,-,-,-,-,0.100000,10.000000,0.799588,2,1,1568,2032,15.000000,0.000000,54000,no
208,SELL,-2.782570,21:07:23.334507138,no,-,-,-,-,0.100000,10.000000,0.799588,2,1,1572,2028,15.000000,0.000000,54000,no
209,SELL,-2.647941,21:07:23.334507138,no,-,-,-,-,0.100000,10.000000,0.799588,2,1,1577,2023,15.000000,0.000000,54000,no
210,SELL,-2.840913,21:07:23.334507138,no,-,-,-,-,0.100000,10.000000,0.799588,2,1,1580,2020,15.000000,0.000000,54000,no
211,SELL,-2.399063,21:07:23.334507138,no,-,-,-,-,0.100000,10.000000,0.799588,2,1,1584,2016,15.000000,0.000000,54000,no
212,SELL,-2.790648,21:07:23.334507138,no,-,-,-,-,0.100000,10.000000,0.799588,2,1,1588,2012,15.000000,0.000000,54000,no
213,SELL,-1.895096,21:07:23.334507138,no,-,-,-,-,0.100000,10.000000,0.799588,2,1,1593,2007,15.000000,0.000000,54000,no
214,SELL,-2.572187,21:07:23.334507138,no,-,-,-,-,0.100000,10.000000,0.799588,2,1,1612,1988,15.000000,0.000000,54000,no
215,SELL,-3.083931,21:07:23.334507138,no,-,-,-,-,0.100000,10.000000,0.799588,2,1,1617,1983,15.000000,0.000000,54000,no
216,SELL,-2.574049,21:07:23.334507138,no,-,-,-,-,0.100000,10.000000,0.799588,2,1,1620,1980,15.000000,0.000000,54000,no
217,SELL,-1.847391,21:07:23.334507138,no,-,-,-,-,0.100000,10.000000,0.799588,2,1,1626,1974,15.000000,0.000000,54000,no
218,SELL,-0.543211,21:07:23.334507138,no,-,-,-,-,0.100000,10.000000,0.799588,2,1,1655,1945,15.000000,0.000000,54000,no
219,SELL,-0.295357,21:07:23.334507138,no,-,-,-,-,0.100000,10.000000,0.799588,2,1,1657,1943,15.000000,0.000000,54000,no
220,SELL,-1.566653,21:07:23.334507138,no,-,-,-,-,0.100000,10.000000,0.799588,2,1,4927,-1327,15.000000,0.000000,54000,yes
221,SELL,-1.105182,21:07:23.334507138,no,-,-,-,-,0.100000,10.000000,0.799588,2,1,4930,-1330,15.000000,0.000000,54000,yes
222,SELL,-1.121322,21:07:23.334507138,no,-,-,-,-,0.100000,10.000000,0.799588,2,1,4935,-1335,15.000000,0.000000,54000,yes
223,SELL,-0.811620,21:07:23.334507138,no,-,-,-,-,0.100000,10.000000,0.799588,2,1,4938,-1338,15.000000,0.000000,54000,yes
224,SELL,-0.194775,21:07:23.334507138,no,-,-,-,-,0.100000,10.000000,0.799588,2,1,4942,-1342,15.000000,0.000000,54000,yes
225,SELL,3.130408,21:07:23.334507138,no,-,-,-,-,0.100000,10.000000,0.799588,2,1,4946,-1346,15.000000,0.000000,54000,yes
226,SELL,0.890243,21:07:23.334507138,no,-,-,-,-,0.100000,10.000000,0.799588,2,1,4949,-1349,15.000000,0.000000,54000,yes
227,SELL,1.092907,21:07:23.334507138,no,-,-,-,-,0.100000,10.000000,0.799588,2,1,4954,-1354,15.000000,0.000000,54000,yes
228,SELL,2.301176,21:07:23.334507138,no,-,-,-,-,0.100000,10.000000,0.799588,2,1,4957,-1357,15.000000,0.000000,54000,yes
229,SELL,2.577560,21:07:23.334507138,no,-,-,-,-,0.100000,10.000000,0.799588,2,1,4960,-1360,15.000000,0.000000,54000,yes
230,SELL,1.849530,21:07:23.334507138,no,-,-,-,-,0.100000,10.000000,0.799588,2,1,4965,-1365,15.000000,0.000000,54000,yes
231,SELL,2.479024,21:07:23.334507138,no,-,-,-,-,0.100000,10.000000,0.799588,2,1,4968,-1368,15.000000,0.000000,54000,yes
232,SELL,1.899895,21:07:23.334507138,no,-,-,-,-,0.100000,10.000000,0.799588,2,1,4972,-1372,15.000000,0.000000,54000,yes
233,SELL,2.403239,21:07:23.334507138,no,-,-,-,-,0.100000,10.000000,0.799588,2,1,4977,-1377,15.000000,0.000000,54000,yes
234,SELL,1.123751,21:07:23.334507138,no,-,-,-,-,0.100000,10.000000,0.799588,2,1,4981,-1381,15.000000,0.000000,54000,yes
235,SELL,1.928329,21:07:23.334507138,no,-,-,-,-,0.100000,10.000000,0.799588,2,1,4985,-1385,15.000000,0.000000,54000,yes
236,SELL,0.422750,21:07:23.334507138,no,-,-,-,-,0.100000,10.000000,0.799588,2,1,4990,-1390,15.000000,0.000000,54000,yes
237,SELL,2.443084,21:07:23.334507138,no,-,-,-,-,0.100000,10.000000,0.799588,2,1,4994,-1394,15.000000,0.000000,54000,yes
238,SELL,0.691487,21:07:23.334507138,no,-,-,-,-,0.100000,10.000000,0.799588,2,1,4999,-1399,15.000000,0.000000,54000,yes
239,SELL,0.392987,21:07:23.334507138,no,-,-,-,-,0.100000,10.000000,0.799588,2,1,5004,-1404,15.000000,0.000000,54000,yes
240,SELL,0.404491,21:07:23.334507138,no,-,-,-,-,0.100000,10.000000,0.799588,2,1,5007,-1407,15.000000,0.000000,54000,yes
241,SELL,1.465428,21:07:23.334507138,no,-,-,-,-,0.100000,10.000000,0.799588,2,1,5035,-1435,15.000000,0.000000,54000,yes
242,SELL,-0.718477,21:07:23.334507138,no,-,-,-,-,0.100000,10.000000,0.799588,2,1,5038,-1438,15.000000,0.000000,54000,yes
243,SELL,-0.009224,21:07:23.334507138,no,-,-,-,-,0.100000,10.000000,0.799588,2,1,5046,-1446,15.000000,0.000000,54000,yes
244,SELL,5.424052,21:07:23.334507138,no,-,-,-,-,0.100000,10.000000,0.799588,2,1,11325,-7725,15.000000,0.000000,54000,yes
245,SELL,-0.714803,21:07:23.334507138,no,-,-,-,-,0.100000,10.000000,0.799588,2,1,11336,-7736,15.000000,0.000000,54000,yes
246,SELL,-4.209202,21:07:23.334507138,no,-,-,-,-,0.100000,10.000000,0.799588,2,1,11347,-7747,15.000000,0.000000,54000,yes
247,SELL,-10.354529,21:07:23.334507138,no,-,-,-,-,0.100000,10.000000,0.799588,2,1,11357,-7757,15.000000,0.000000,54000,yes
248,SELL,-7.436552,21:07:23.334507138,no,-,-,-,-,0.100000,10.000000,0.799588,2,1,11368,-7768,15.000000,0.000000,54000,yes
249,SELL,-1.159795,21:07:23.334507138,no,-,-,-,-,0.100000,10.000000,0.799588,2,1,11379,-7779,15.000000,0.000000,54000,yes
250,SELL,-2.597800,21:07:23.334507138,no,-,-,-,-,0.100000,10.000000,0.799588,2,1,11389,-7789,15.000000,0.000000,54000,yes
251,SELL,0.795856,21:07:23.334507138,no,-,-,-,-,0.100000,10.000000,0.799588,2,1,11400,-7800,15.000000,0.000000,54000,yes
252,SELL,1.375859,21:07:23.334507138,no,-,-,-,-,0.100000,10.000000,0.799588,2,1,11411,-7811,15.000000,0.000000,54000,yes
253,SELL,-5.269182,21:07:23.334507138,no,-,-,-,-,0.100000,10.000000,0.799588,2,1,11421,-7821,15.000000,0.000000,54000,yes
254,SELL,-1.364429,21:07:23.334507138,no,-,-,-,-,0.100000,10.000000,0.799588,2,1,11432,-7832,15.000000,0.000000,54000,yes
255,SELL,-0.269577,21:07:23.334507138,no,-,-,-,-,0.100000,10.000000,0.799588,2,1,11444,-7844,15.000000,0.000000,54000,yes
256,SELL,-7.680699,21:07:23.334507138,no,-,-,-,-,0.100000,10.000000,0.799588,2,1,11454,-7854,15.000000,0.000000,54000,yes
257,SELL,-2.313729,21:07:23.334507138,no,-,-,-,-,0.100000,10.000000,0.799588,2,1,11464,-7864,15.000000,0.000000,54000,yes
258,SELL,-3.462634,21:07:23.334507138,no,-,-,-,-,0.100000,10.000000,0.799588,2,1,11475,-7875,15.000000,0.000000,54000,yes
259,SELL,-5.306700,21:07:23.334507138,no,-,-,-,-,0.100000,10.000000,0.799588,2,1,11486,-7886,15.000000,0.000000,54000,yes
260,SELL,2.922001,21:07:23.334507138,no,-,-,-,-,0.100000,10.000000,0.799588,2,1,11497,-7897,15.000000,0.000000,54000,yes
261,SELL,4.555247,21:07:23.334507138,no,-,-,-,-,0.100000,10.000000,0.799588,2,1,11508,-7908,15.000000,0.000000,54000,yes
262,SELL,-1.447008,21:07:23.334507138,no,-,-,-,-,0.100000,10.000000,0.799588,2,1,11516,-7916,15.000000,0.000000,54000,yes
263,SELL,-3.442924,21:07:23.334507138,no,-,-,-,-,0.100000,10.000000,0.799588,2,1,11530,-7930,15.000000,0.000000,54000,yes
264,SELL,-2.496040,21:07:23.334507138,no,-,-,-,-,0.100000,10.000000,0.799588,2,1,11541,-7941,15.000000,0.000000,54000,yes
265,SELL,-3.629658,21:07:23.334507138,no,-,-,-,-,0.100000,10.000000,0.799588,2,1,11552,-7952,15.000000,0.000000,54000,yes
266,SELL,-5.272083,21:07:23.334507138,no,-,-,-,-,0.100000,10.000000,0.799588,2,1,11562,-7962,15.000000,0.000000,54000,yes
267,SELL,-2.944243,21:07:23.334507138,no,-,-,-,-,0.100000,10.000000,0.799588,2,1,11574,-7974,15.000000,0.000000,54000,yes
268,SELL,1.827755,21:07:23.334507138,no,-,-,-,-,0.100000,10.000000,0.799588,2,1,11584,-7984,15.000000,0.000000,54000,yes
269,SELL,3.526746,21:07:23.334507138,no,-,-,-,-,0.100000,10.000000,0.799588,2,1,11595,-7995,15.000000,0.000000,54000,yes
270,SELL,4.676045,21:07:23.334507138,no,-,-,-,-,0.100000,10.000000,0.799588,2,1,11606,-8006,15.000000,0.000000,54000,yes
271,SELL,1.075250,21:07:23.334507138,no,-,-,-,-,0.100000,10.000000,0.799588,2,1,11617,-8017,15.000000,0.000000,54000,yes
272,SELL,1.054152,21:07:23.334507138,no,-,-,-,-,0.100000,10.000000,0.799588,2,1,11628,-8028,15.000000,0.000000,54000,yes
273,SELL,1.822388,21:07:23.334507138,no,-,-,-,-,0.100000,10.000000,0.799588,2,1,11639,-8039,15.000000,0.000000,54000,yes
274,SELL,3.662986,21:07:23.334507138,no,-,-,-,-,0.100000,10.000000,0.799588,2,1,11649,-8049,15.000000,0.000000,54000,yes
275,SELL,6.861430,21:07:23.334507138,no,-,-,-,-,0.100000,10.000000,0.799588,2,1,11659,-8059,15.000000,0.000000,54000,yes
276,SELL,5.938321,21:07:23.334507138,no,-,-,-,-,0.100000,10.000000,0.799588,2,1,11670,-8070,15.000000,0.000000,54000,yes
277,SELL,2.065406,21:07:23.334507138,no,-,-,-,-,0.100000,10.000000,0.799588,2,1,11681,-8081,15.000000,0.000000,54000,yes
278,SELL,2.686908,21:07:23.334507138,no,-,-,-,-,0.100000,10.000000,0.799588,2,1,11691,-8091,15.000000,0.000000,54000,yes
279,SELL,1.125963,21:07:23.334507138,no,-,-,-,-,0.100000,10.000000,0.799588,2,1,11701,-8101,15.000000,0.000000,54000,yes
280,SELL,2.871428,21:07:23.334507138,no,-,-,-,-,0.100000,10.000000,0.799588,2,1,11712,-8112,15.000000,0.000000,54000,yes
281,SELL,1.063248,21:07:23.334507138,no,-,-,-,-,0.100000,10.000000,0.799588,2,1,11723,-8123,15.000000,0.000000,54000,yes
282,SELL,3.200452,21:07:23.334507138,no,-,-,-,-,0.100000,10.000000,0.799588,2,1,11733,-8133,15.000000,0.000000,54000,yes
283,SELL,4.406157,21:07:23.334507138,no,-,-,-,-,0.100000,10.000000,0.799588,2,1,11744,-8144,15.000000,0.000000,54000,yes
284,SELL,4.299134,21:07:23.334507138,no,-,-,-,-,0.100000,10.000000,0.799588,2,1,11754,-8154,15.000000,0.000000,54000,yes
285,SELL,4.194954,21:07:23.334507138,no,-,-,-,-,0.100000,10.000000,0.799588,2,1,11765,-8165,15.000000,0.000000,54000,yes
286,SELL,4.435924,21:07:23.334507138,no,-,-,-,-,0.100000,10.000000,0.799588,2,1,11776,-8176,15.000000,0.000000,54000,yes
287,SELL,5.406255,21:07:23.334507138,no,-,-,-,-,0.100000,10.000000,0.799588,2,1,11786,-8186,15.000000,0.000000,54000,yes
288,SELL,6.634295,21:07:23.334507138,no,-,-,-,-,0.100000,10.000000,0.799588,2,1,11796,-8196,15.000000,0.000000,54000,yes
289,SELL,5.648303,21:07:23.334507138,no,-,-,-,-,0.100000,10.000000,0.799588,2,1,11808,-8208,15.000000,0.000000,54000,yes
290,SELL,4.138373,21:07:23.334507138,no,-,-,-,-,0.100000,10.000000,0.799588,2,1,11819,-8219,15.000000,0.000000,54000,yes
291,SELL,8.255635,21:07:23.334507138,no,-,-,-,-,0.100000,10.000000,0.799588,2,1,11829,-8229,15.000000,0.000000,54000,yes
292,SELL,4.620934,21:07:23.334507138,no,-,-,-,-,0.100000,10.000000,0.799588,2,1,11839,-8239,15.000000,0.000000,54000,yes
293,SELL,5.011560,21:07:23.334507138,no,-,-,-,-,0.100000,10.000000,0.799588,2,1,11849,-8249,15.000000,0.000000,54000,yes
294,SELL,3.573339,21:07:23.334507138,no,-,-,-,-,0.100000,10.000000,0.799588,2,1,11860,-8260,15.000000,0.000000,54000,yes
295,SELL,3.350046,21:07:23.334507138,no,-,-,-,-,0.100000,10.000000,0.799588,2,1,11871,-8271,15.000000,0.000000,54000,yes
296,SELL,2.199989,21:07:23.334507138,no,-,-,-,-,0.100000,10.000000,0.799588,2,1,11932,-8332,15.000000,0.000000,54000,yes
297,SELL,-1.116388,21:07:23.334507138,no,-,-,-,-,0.100000,10.000000,0.799588,2,1,11938,-8338,15.000000,0.000000,54000,yes
298,SELL,2.067722,21:07:23.334507138,no,-,-,-,-,0.100000,10.000000,0.799588,2,1,11944,-8344,15.000000,0.000000,54000,yes
299,SELL,-0.006013,21:07:23.334507138,no,-,-,-,-,0.100000,10.000000,0.799588,2,1,11953,-8353,15.000000,0.000000,54000,yes
300,SELL,0.482073,21:07:23.334507138,no,-,-,-,-,0.100000,10.000000,0.799588,2,1,11964,-8364,15.000000,0.000000,54000,yes
301,SELL,2.862363,21:07:23.334507138,no,-,-,-,-,0.100000,10.000000,0.799588,2,1,11975,-8375,15.000000,0.000000,54000,yes
302,SELL,4.416968,21:07:23.334507138,no,-,-,-,-,0.100000,10.000000,0.799588,2,1,11986,-8386,15.000000,0.000000,54000,yes
303,SELL,2.815940,21:07:23.334507138,no,-,-,-,-,0.100000,10.000000,0.799588,2,1,11996,-8396,15.000000,0.000000,54000,yes
304,SELL,5.795043,21:07:23.334507138,no,-,-,-,-,0.100000,10.000000,0.799588,2,1,12007,-8407,15.000000,0.000000,54000,yes
305,SELL,5.746573,21:07:23.334507138,no,-,-,-,-,0.100000,10.000000,0.799588,2,1,12018,-8418,15.000000,0.000000,54000,yes
306,SELL,6.386870,21:07:23.334507138,no,-,-,-,-,0.100000,10.000000,0.799588,2,1,12028,-8428,15.000000,0.000000,54000,yes
307,SELL,8.213694,21:07:23.334507138,no,-,-,-,-,0.100000,10.000000,0.799588,2,1,12038,-8438,15.000000,0.000000,54000,yes
308,SELL,1.423808,21:07:23.334507138,no,-,-,-,-,0.100000,10.000000,0.799588,2,1,12049,-8449,15.000000,0.000000,54000,yes
309,SELL,4.759703,21:07:23.334507138,no,-,-,-,-,0.100000,10.000000,0.799588,2,1,18250,-14650,15.000000,0.000000,54000,yes
310,SELL,-0.018548,21:07:23.334507138,no,-,-,-,-,0.100000,10.000000,0.799588,2,1,18254,-14654,15.000000,0.000000,54000,yes
