轮数,方向,预测值,算法开始时间,是否下单,下单价格,档位,下单量,下单耗时(从预测到下单),r1,r2,std,freq,qty_scalar,经过时间,剩余时间,目标速度,实际速度,剩余量,是否为最后一轮
1,BUY,0.649939,21:07:23.333905817,no,-,-,-,-,0.909091,1.100000,0.822283,2,1,332,3268,1.250000,0.000000,4500,no
2,BUY,1.251297,21:07:23.333905817,yes,6.239900,ask1,100,00:00:00.000037763,0.826446,1.210000,0.822283,2,1,336,3264,1.250000,0.297600,4400,no
3,BUY,0.721639,21:07:23.333905817,yes,6.239900,ask1,100,00:00:00.000047159,0.751315,1.331000,0.822283,2,1,339,3261,1.250000,0.589900,4300,no
4,BUY,1.530867,21:07:23.333905817,yes,6.229900,ask1,100,00:00:00.000045645,0.683013,1.464100,0.822283,2,1,343,3257,1.250000,0.874600,4200,no
5,BUY,1.344123,21:07:23.333905817,yes,6.229900,ask1,100,00:00:00.000043054,0.620921,1.610510,0.822283,2,1,347,3253,1.250000,1.152700,4100,no
6,BUY,1.620022,21:07:23.333905817,yes,6.229900,ask1,100,00:00:00.000050331,0.564474,1.771561,0.822283,2,1,351,3249,1.250000,1.424500,4000,no
7,BUY,-0.327817,21:07:23.333905817,no,-,-,-,-,0.564474,1.771561,0.822283,2,1,356,3244,1.250000,1.404400,4000,no
8,BUY,0.298961,21:07:23.333905817,no,-,-,-,-,0.564474,1.771561,0.822283,2,1,360,3240,1.250000,1.388800,4000,no
9,BUY,0.900307,21:07:23.333905817,yes,6.239900,ask1,100,00:00:00.000041459,0.564474,1.771561,0.822283,2,1,363,3237,1.250000,1.652800,3900,no
10,BUY,0.893482,21:07:23.333905817,yes,6.239900,ask1,100,00:00:00.000047778,0.564474,1.771561,0.822283,2,1,367,3233,1.250000,1.907300,3800,no
11,BUY,0.266585,21:07:23.333905817,no,-,-,-,-,0.564474,1.771561,0.822283,2,1,370,3230,1.250000,1.891800,3800,no
12,BUY,0.701958,21:07:23.333905817,yes,6.239900,ask1,100,00:00:00.000043382,0.564474,1.771561,0.822283,2,1,373,3227,1.250000,2.144700,3700,no
13,BUY,0.938816,21:07:23.333905817,yes,6.239900,ask1,100,00:00:00.000047822,0.564474,1.771561,0.822283,2,1,377,3223,1.250000,2.387200,3600,no
14,BUY,0.482998,21:07:23.333905817,yes,6.239900,ask1,100,00:00:00.000043198,0.564474,1.771561,0.822283,2,1,381,3219,1.250000,2.624600,3500,no
15,BUY,0.348198,21:07:23.333905817,no,-,-,-,-,0.620921,1.610510,0.822283,2,1,383,3217,1.250000,2.610900,3500,no
16,BUY,-0.493594,21:07:23.333905817,no,-,-,-,-,0.683013,1.464100,0.822283,2,1,387,3213,1.250000,2.583900,3500,no
17,BUY,0.650003,21:07:23.333905817,yes,6.229900,ask1,100,00:00:00.000045856,0.751315,1.331000,0.822283,2,1,392,3208,1.250000,2.806100,3400,no
18,BUY,0.497144,21:07:23.333905817,no,-,-,-,-,0.826446,1.210000,0.822283,2,1,397,3203,1.250000,2.770700,3400,no
19,BUY,0.266744,21:07:23.333905817,no,-,-,-,-,0.909091,1.100000,0.822283,2,1,399,3201,1.250000,2.756800,3400,no
20,BUY,0.764794,21:07:23.333905817,no,-,-,-,-,1.000000,1.000000,0.822283,2,1,402,3198,1.250000,2.736300,3400,no
21,BUY,0.546380,21:07:23.333905817,no,-,-,-,-,1.100000,0.909091,0.822283,2,1,406,3194,1.250000,2.709300,3400,no
22,BUY,0.052295,21:07:23.333905817,no,-,-,-,-,1.210000,0.826446,0.822283,2,1,410,3190,1.250000,2.682900,3400,no
23,BUY,-0.075158,21:07:23.333905817,no,-,-,-,-,1.331000,0.751315,0.822283,2,1,412,3188,1.250000,2.669900,3400,no
24,BUY,-1.493800,21:07:23.333905817,no,-,-,-,-,1.464100,0.683013,0.822283,2,1,417,3183,1.250000,2.637800,3400,no
25,BUY,-1.094283,21:07:23.333905817,no,-,-,-,-,1.610510,0.620921,0.822283,2,1,422,3178,1.250000,2.606600,3400,no
26,BUY,0.310515,21:07:23.333905817,no,-,-,-,-,1.771561,0.564474,0.822283,2,1,427,3173,1.250000,2.576100,3400,no
27,BUY,0.401354,21:07:23.333905817,no,-,-,-,-,1.948717,0.513158,0.822283,2,1,432,3168,1.250000,2.546200,3400,no
28,BUY,-0.017109,21:07:23.333905817,no,-,-,-,-,2.143589,0.466507,0.822283,2,1,438,3162,1.250000,2.511400,3400,no
29,BUY,0.018563,21:07:23.333905817,no,-,-,-,-,2.143589,0.466507,0.822283,2,1,441,3159,1.250000,2.494300,3400,no
30,BUY,0.312593,21:07:23.333905817,no,-,-,-,-,2.143589,0.466507,0.822283,2,1,445,3155,1.250000,2.471900,3400,no
31,BUY,0.041177,21:07:23.333905817,no,-,-,-,-,2.143589,0.466507,0.822283,2,1,448,3152,1.250000,2.455300,3400,no
32,BUY,-0.199344,21:07:23.333905817,no,-,-,-,-,2.143589,0.466507,0.822283,2,1,452,3148,1.250000,2.433600,3400,no
33,BUY,-2.190766,21:07:23.333905817,no,-,-,-,-,2.143589,0.466507,0.822283,2,1,457,3143,1.250000,2.407000,3400,no
34,BUY,0.551648,21:07:23.333905817,no,-,-,-,-,2.143589,0.466507,0.822283,2,1,461,3139,1.250000,2.386100,3400,no
35,BUY,0.814734,21:07:23.333905817,no,-,-,-,-,2.143589,0.466507,0.822283,2,1,464,3136,1.250000,2.370600,3400,no
36,BUY,0.045100,21:07:23.333905817,no,-,-,-,-,2.143589,0.466507,0.822283,2,1,467,3133,1.250000,2.355400,3400,no
37,BUY,-0.125301,21:07:23.333905817,no,-,-,-,-,2.143589,0.466507,0.822283,2,1,471,3129,1.250000,2.335400,3400,no
38,BUY,-0.961414,21:07:23.333905817,no,-,-,-,-,2.143589,0.466507,0.822283,2,1,475,3125,1.250000,2.315700,3400,no
39,BUY,-1.291983,21:07:23.333905817,no,-,-,-,-,2.143589,0.466507,0.822283,2,1,480,3120,1.250000,2.291600,3400,no
40,BUY,-0.333010,21:07:23.333905817,no,-,-,-,-,2.143589,0.466507,0.822283,2,1,482,3118,1.250000,2.282100,3400,no
41,BUY,-0.898062,21:07:23.333905817,no,-,-,-,-,2.143589,0.466507,0.822283,2,1,487,3113,1.250000,2.258700,3400,no
42,BUY,-0.073802,21:07:23.333905817,no,-,-,-,-,2.143589,0.466507,0.822283,2,1,490,3110,1.250000,2.244800,3400,no
43,BUY,-0.122413,21:07:23.333905817,no,-,-,-,-,2.143589,0.466507,0.822283,2,1,495,3105,1.250000,2.222200,3400,no
44,BUY,-1.349605,21:07:23.333905817,no,-,-,-,-,2.143589,0.466507,0.822283,2,1,501,3099,1.250000,2.195600,3400,no
45,BUY,-1.008439,21:07:23.333905817,no,-,-,-,-,2.143589,0.466507,0.822283,2,1,505,3095,1.250000,2.178200,3400,no
46,BUY,-1.115386,21:07:23.333905817,no,-,-,-,-,2.143589,0.466507,0.822283,2,1,509,3091,1.250000,2.161100,3400,no
47,BUY,-0.729152,21:07:23.333905817,no,-,-,-,-,2.143589,0.466507,0.822283,2,1,513,3087,1.250000,2.144200,3400,no
48,BUY,-0.533171,21:07:23.333905817,no,-,-,-,-,2.143589,0.466507,0.822283,2,1,518,3082,1.250000,2.123500,3400,no
49,BUY,-0.644252,21:07:23.333905817,no,-,-,-,-,2.143589,0.466507,0.822283,2,1,522,3078,1.250000,2.107200,3400,no
50,BUY,0.395568,21:07:23.333905817,no,-,-,-,-,2.143589,0.466507,0.822283,2,1,527,3073,1.250000,2.087200,3400,no
51,BUY,0.066306,21:07:23.333905817,no,-,-,-,-,2.143589,0.466507,0.822283,2,1,530,3070,1.250000,2.075400,3400,no
52,BUY,-0.003903,21:07:23.333905817,no,-,-,-,-,2.143589,0.466507,0.822283,2,1,535,3065,1.250000,2.056000,3400,no
53,BUY,-0.222062,21:07:23.333905817,no,-,-,-,-,2.143589,0.466507,0.822283,2,1,539,3061,1.250000,2.040800,3400,no
54,BUY,-0.371108,21:07:23.333905817,no,-,-,-,-,2.143589,0.466507,0.822283,2,1,545,3055,1.250000,2.018300,3400,no
55,BUY,-0.500829,21:07:23.333905817,no,-,-,-,-,2.143589,0.466507,0.822283,2,1,553,3047,1.250000,1.989100,3400,no
56,BUY,-0.678744,21:07:23.333905817,no,-,-,-,-,2.143589,0.466507,0.822283,2,1,557,3043,1.250000,1.974800,3400,no
57,BUY,-0.929086,21:07:23.333905817,no,-,-,-,-,2.143589,0.466507,0.822283,2,1,563,3037,1.250000,1.953800,3400,no
58,BUY,-1.040293,21:07:23.333905817,no,-,-,-,-,2.143589,0.466507,0.822283,2,1,568,3032,1.250000,1.936600,3400,no
59,BUY,-0.919312,21:07:23.333905817,no,-,-,-,-,2.143589,0.466507,0.822283,2,1,571,3029,1.250000,1.926400,3400,no
60,BUY,0.051090,21:07:23.333905817,no,-,-,-,-,2.143589,0.466507,0.822283,2,1,576,3024,1.250000,1.909700,3400,no
61,BUY,1.512181,21:07:23.333905817,no,-,-,-,-,2.143589,0.466507,0.822283,2,1,578,3022,1.250000,1.903100,3400,no
62,BUY,-0.356181,21:07:23.333905817,no,-,-,-,-,2.143589,0.466507,0.822283,2,1,583,3017,1.250000,1.886700,3400,no
63,BUY,0.038979,21:07:23.333905817,no,-,-,-,-,2.143589,0.466507,0.822283,2,1,587,3013,1.250000,1.873900,3400,no
64,BUY,-0.070722,21:07:23.333905817,no,-,-,-,-,2.143589,0.466507,0.822283,2,1,592,3008,1.250000,1.858100,3400,no
65,BUY,0.212493,21:07:23.333905817,no,-,-,-,-,2.143589,0.466507,0.822283,2,1,595,3005,1.250000,1.848700,3400,no
66,BUY,-0.687148,21:07:23.333905817,no,-,-,-,-,2.143589,0.466507,0.822283,2,1,600,3000,1.250000,1.833300,3400,no
67,BUY,-0.109966,21:07:23.333905817,no,-,-,-,-,2.143589,0.466507,0.822283,2,1,604,2996,1.250000,1.821100,3400,no
68,BUY,0.196656,21:07:23.333905817,no,-,-,-,-,2.143589,0.466507,0.822283,2,1,607,2993,1.250000,1.812100,3400,no
69,BUY,-0.095968,21:07:23.333905817,no,-,-,-,-,2.143589,0.466507,0.822283,2,1,610,2990,1.250000,1.803200,3400,no
70,BUY,-0.095757,21:07:23.333905817,no,-,-,-,-,2.143589,0.466507,0.822283,2,1,614,2986,1.250000,1.791500,3400,no
71,BUY,-1.108424,21:07:23.333905817,no,-,-,-,-,2.143589,0.466507,0.822283,2,1,618,2982,1.250000,1.779900,3400,no
72,BUY,-1.153049,21:07:23.333905817,no,-,-,-,-,2.143589,0.466507,0.822283,2,1,621,2979,1.250000,1.771300,3400,no
73,BUY,0.061327,21:07:23.333905817,no,-,-,-,-,2.143589,0.466507,0.822283,2,1,625,2975,1.250000,1.760000,3400,no
74,BUY,0.298312,21:07:23.333905817,no,-,-,-,-,2.143589,0.466507,0.822283,2,1,630,2970,1.250000,1.746000,3400,no
75,BUY,0.456253,21:07:23.333905817,no,-,-,-,-,2.143589,0.466507,0.822283,2,1,634,2966,1.250000,1.735000,3400,no
76,BUY,0.424716,21:07:23.333905817,no,-,-,-,-,2.143589,0.466507,0.822283,2,1,637,2963,1.250000,1.726800,3400,no
77,BUY,0.274033,21:07:23.333905817,no,-,-,-,-,2.143589,0.466507,0.822283,2,1,640,2960,1.250000,1.718700,3400,no
78,BUY,-0.418359,21:07:23.333905817,no,-,-,-,-,2.143589,0.466507,0.822283,2,1,642,2958,1.250000,1.713300,3400,no
79,BUY,-2.139925,21:07:23.333905817,no,-,-,-,-,2.143589,0.466507,0.822283,2,1,645,2955,1.250000,1.705400,3400,no
80,BUY,0.049642,21:07:23.333905817,no,-,-,-,-,2.143589,0.466507,0.822283,2,1,648,2952,1.250000,1.697500,3400,no
81,BUY,-0.173484,21:07:23.333905817,no,-,-,-,-,2.143589,0.466507,0.822283,2,1,651,2949,1.250000,1.689700,3400,no
82,BUY,-0.301818,21:07:23.333905817,no,-,-,-,-,2.143589,0.466507,0.822283,2,1,655,2945,1.250000,1.679300,3400,no
83,BUY,-0.238627,21:07:23.333905817,no,-,-,-,-,2.143589,0.466507,0.822283,2,1,659,2941,1.250000,1.669100,3400,no
84,BUY,-0.330553,21:07:23.333905817,no,-,-,-,-,2.143589,0.466507,0.822283,2,1,663,2937,1.250000,1.659100,3400,no
85,BUY,-0.046008,21:07:23.333905817,no,-,-,-,-,2.143589,0.466507,0.822283,2,1,667,2933,1.250000,1.649100,3400,no
86,BUY,-0.648860,21:07:23.333905817,no,-,-,-,-,2.143589,0.466507,0.822283,2,1,670,2930,1.250000,1.641700,3400,no
87,BUY,-1.040787,21:07:23.333905817,no,-,-,-,-,2.143589,0.466507,0.822283,2,1,673,2927,1.250000,1.634400,3400,no
88,BUY,-1.330698,21:07:23.333905817,no,-,-,-,-,2.143589,0.466507,0.822283,2,1,677,2923,1.250000,1.624800,3400,no
89,BUY,-0.825524,21:07:23.333905817,no,-,-,-,-,2.143589,0.466507,0.822283,2,1,680,2920,1.250000,1.617600,3400,no
90,BUY,-0.607122,21:07:23.333905817,no,-,-,-,-,2.143589,0.466507,0.822283,2,1,684,2916,1.250000,1.608100,3400,no
91,BUY,-0.126836,21:07:23.333905817,no,-,-,-,-,2.143589,0.466507,0.822283,2,1,687,2913,1.250000,1.601100,3400,no
92,BUY,-0.279893,21:07:23.333905817,no,-,-,-,-,2.143589,0.466507,0.822283,2,1,690,2910,1.250000,1.594200,3400,no
93,BUY,-0.156737,21:07:23.333905817,no,-,-,-,-,2.143589,0.466507,0.822283,2,1,694,2906,1.250000,1.585000,3400,no
94,BUY,-0.910699,21:07:23.333905817,no,-,-,-,-,2.143589,0.466507,0.822283,2,1,697,2903,1.250000,1.578100,3400,no
95,BUY,0.022590,21:07:23.333905817,no,-,-,-,-,2.143589,0.466507,0.822283,2,1,702,2898,1.250000,1.566900,3400,no
96,BUY,0.218740,21:07:23.333905817,no,-,-,-,-,2.143589,0.466507,0.822283,2,1,705,2895,1.250000,1.560200,3400,no
97,BUY,-1.548484,21:07:23.333905817,no,-,-,-,-,2.143589,0.466507,0.822283,2,1,707,2893,1.250000,1.555800,3400,no
98,BUY,-1.131698,21:07:23.333905817,no,-,-,-,-,2.143589,0.466507,0.822283,2,1,711,2889,1.250000,1.547100,3400,no
99,BUY,-0.600197,21:07:23.333905817,no,-,-,-,-,2.143589,0.466507,0.822283,2,1,714,2886,1.250000,1.540600,3400,no
100,BUY,-0.300993,21:07:23.333905817,no,-,-,-,-,2.143589,0.466507,0.822283,2,1,716,2884,1.250000,1.536300,3400,no
101,BUY,-0.044644,21:07:23.333905817,no,-,-,-,-,2.143589,0.466507,0.822283,2,1,719,2881,1.250000,1.529900,3400,no
102,BUY,-0.222507,21:07:23.333905817,no,-,-,-,-,2.143589,0.466507,0.822283,2,1,723,2877,1.250000,1.521400,3400,no
103,BUY,-0.341486,21:07:23.333905817,no,-,-,-,-,2.143589,0.466507,0.822283,2,1,726,2874,1.250000,1.515100,3400,no
104,BUY,-0.496501,21:07:23.333905817,no,-,-,-,-,2.143589,0.466507,0.822283,2,1,729,2871,1.250000,1.508900,3400,no
105,BUY,-0.979564,21:07:23.333905817,no,-,-,-,-,2.143589,0.466507,0.822283,2,1,733,2867,1.250000,1.500600,3400,no
106,BUY,-1.092767,21:07:23.333905817,no,-,-,-,-,2.143589,0.466507,0.822283,2,1,738,2862,1.250000,1.490500,3400,no
107,BUY,-0.280420,21:07:23.333905817,no,-,-,-,-,2.143589,0.466507,0.822283,2,1,743,2857,1.250000,1.480400,3400,no
108,BUY,-0.878637,21:07:23.333905817,no,-,-,-,-,2.143589,0.466507,0.822283,2,1,750,2850,1.250000,1.466600,3400,no
109,BUY,-0.638012,21:07:23.333905817,no,-,-,-,-,2.143589,0.466507,0.822283,2,1,756,2844,1.250000,1.455000,3400,no
110,BUY,-0.905350,21:07:23.333905817,no,-,-,-,-,2.143589,0.466507,0.822283,2,1,759,2841,1.250000,1.449200,3400,no
111,BUY,-1.423023,21:07:23.333905817,no,-,-,-,-,2.143589,0.466507,0.822283,2,1,764,2836,1.250000,1.439700,3400,no
112,BUY,-0.830602,21:07:23.333905817,no,-,-,-,-,2.143589,0.466507,0.822283,2,1,767,2833,1.250000,1.434100,3400,no
113,BUY,-0.573800,21:07:23.333905817,no,-,-,-,-,2.143589,0.466507,0.822283,2,1,771,2829,1.250000,1.426700,3400,no
114,BUY,-0.191605,21:07:23.333905817,no,-,-,-,-,2.143589,0.466507,0.822283,2,1,774,2826,1.250000,1.421100,3400,no
115,BUY,-2.019368,21:07:23.333905817,no,-,-,-,-,2.143589,0.466507,0.822283,2,1,777,2823,1.250000,1.415700,3400,no
116,BUY,-1.860674,21:07:23.333905817,no,-,-,-,-,2.143589,0.466507,0.822283,2,1,782,2818,1.250000,1.406600,3400,no
117,BUY,0.469827,21:07:23.333905817,no,-,-,-,-,2.143589,0.466507,0.822283,2,1,785,2815,1.250000,1.401200,3400,no
118,BUY,0.874504,21:07:23.333905817,no,-,-,-,-,2.143589,0.466507,0.822283,2,1,787,2813,1.250000,1.397700,3400,no
119,BUY,-0.322328,21:07:23.333905817,no,-,-,-,-,2.143589,0.466507,0.822283,2,1,790,2810,1.250000,1.392400,3400,no
120,BUY,-0.070294,21:07:23.333905817,no,-,-,-,-,2.143589,0.466507,0.822283,2,1,793,2807,1.250000,1.387100,3400,no
121,BUY,-0.139765,21:07:23.333905817,no,-,-,-,-,2.143589,0.466507,0.822283,2,1,796,2804,1.250000,1.381900,3400,no
122,BUY,1.267218,21:07:23.333905817,no,-,-,-,-,2.143589,0.466507,0.822283,2,1,799,2801,1.250000,1.376700,3400,no
123,BUY,0.076358,21:07:23.333905817,no,-,-,-,-,2.143589,0.466507,0.822283,2,1,803,2797,1.250000,1.369800,3400,no
124,BUY,1.195206,21:07:23.333905817,no,-,-,-,-,2.143589,0.466507,0.822283,2,1,808,2792,1.250000,1.361300,3400,no
125,BUY,0.483294,21:07:23.333905817,no,-,-,-,-,2.143589,0.466507,0.822283,2,1,810,2790,1.250000,1.358000,3400,no
126,BUY,0.546840,21:07:23.333905817,no,-,-,-,-,2.143589,0.466507,0.822283,2,1,814,2786,1.250000,1.351300,3400,no
127,BUY,0.332102,21:07:23.333905817,no,-,-,-,-,2.143589,0.466507,0.822283,2,1,819,2781,1.250000,1.343100,3400,no
128,BUY,-0.185516,21:07:23.333905817,no,-,-,-,-,2.143589,0.466507,0.822283,2,1,821,2779,1.250000,1.339800,3400,no
129,BUY,-0.408039,21:07:23.333905817,no,-,-,-,-,2.143589,0.466507,0.822283,2,1,825,2775,1.250000,1.333300,3400,no
130,BUY,-0.145524,21:07:23.333905817,no,-,-,-,-,2.143589,0.466507,0.822283,2,1,829,2771,1.250000,1.326800,3400,no
131,BUY,-0.244405,21:07:23.333905817,no,-,-,-,-,2.143589,0.466507,0.822283,2,1,832,2768,1.250000,1.322100,3400,no
132,BUY,-0.114853,21:07:23.333905817,no,-,-,-,-,2.143589,0.466507,0.822283,2,1,835,2765,1.250000,1.317300,3400,no
133,BUY,-0.250749,21:07:23.333905817,no,-,-,-,-,2.143589,0.466507,0.822283,2,1,838,2762,1.250000,1.312600,3400,no
134,BUY,-0.097716,21:07:23.333905817,no,-,-,-,-,2.143589,0.466507,0.822283,2,1,841,2759,1.250000,1.307900,3400,no
135,BUY,-0.146882,21:07:23.333905817,no,-,-,-,-,2.143589,0.466507,0.822283,2,1,844,2756,1.250000,1.303300,3400,no
136,BUY,0.110113,21:07:23.333905817,no,-,-,-,-,2.143589,0.466507,0.822283,2,1,848,2752,1.250000,1.297100,3400,no
137,BUY,0.119450,21:07:23.333905817,no,-,-,-,-,2.143589,0.466507,0.822283,2,1,851,2749,1.250000,1.292500,3400,no
138,BUY,-0.118702,21:07:23.333905817,no,-,-,-,-,2.143589,0.466507,0.822283,2,1,855,2745,1.250000,1.286500,3400,no
139,BUY,-0.332608,21:07:23.333905817,no,-,-,-,-,2.143589,0.466507,0.822283,2,1,858,2742,1.250000,1.282000,3400,no
140,BUY,-0.170745,21:07:23.333905817,no,-,-,-,-,2.143589,0.466507,0.822283,2,1,860,2740,1.250000,1.279000,3400,no
141,BUY,-0.141645,21:07:23.333905817,no,-,-,-,-,2.143589,0.466507,0.822283,2,1,863,2737,1.250000,1.274600,3400,no
142,BUY,-0.447882,21:07:23.333905817,no,-,-,-,-,2.143589,0.466507,0.822283,2,1,867,2733,1.250000,1.268700,3400,no
143,BUY,-0.543244,21:07:23.333905817,no,-,-,-,-,2.143589,0.466507,0.822283,2,1,871,2729,1.250000,1.262900,3400,no
144,BUY,-1.488943,21:07:23.333905817,no,-,-,-,-,2.143589,0.466507,0.822283,2,1,876,2724,1.250000,1.255700,3400,no
145,BUY,-0.549920,21:07:23.333905817,no,-,-,-,-,2.143589,0.466507,0.822283,2,1,878,2722,1.250000,1.252800,3400,no
146,BUY,0.240451,21:07:23.333905817,no,-,-,-,-,1.948717,0.513158,0.822283,2,1,882,2718,1.250000,1.247100,3400,no
147,BUY,0.195945,21:07:23.333905817,no,-,-,-,-,1.771561,0.564474,0.822283,2,1,885,2715,1.250000,1.242900,3400,no
148,BUY,-0.077624,21:07:23.333905817,no,-,-,-,-,1.610510,0.620921,0.822283,2,1,888,2712,1.250000,1.238700,3400,no
149,BUY,1.232262,21:07:23.333905817,no,-,-,-,-,1.464100,0.683013,0.822283,2,1,893,2707,1.250000,1.231800,3400,no
150,BUY,-0.218264,21:07:23.333905817,no,-,-,-,-,1.331000,0.751315,0.822283,2,1,896,2704,1.250000,1.227600,3400,no
151,BUY,0.316383,21:07:23.333905817,no,-,-,-,-,1.210000,0.826446,0.822283,2,1,898,2702,1.250000,1.224900,3400,no
152,BUY,0.306609,21:07:23.333905817,no,-,-,-,-,1.100000,0.909091,0.822283,2,1,902,2698,1.250000,1.219500,3400,no
153,BUY,-0.097511,21:07:23.333905817,no,-,-,-,-,1.000000,1.000000,0.822283,2,1,905,2695,1.250000,1.215400,3400,no
154,BUY,0.356425,21:07:23.333905817,no,-,-,-,-,0.909091,1.100000,0.822283,2,1,908,2692,1.250000,1.211400,3400,no
155,BUY,0.270698,21:07:23.333905817,no,-,-,-,-,0.826446,1.210000,0.822283,2,1,910,2690,1.250000,1.208700,3400,no
156,BUY,-0.591367,21:07:23.333905817,no,-,-,-,-,0.751315,1.331000,0.822283,2,1,1190,2410,1.250000,0.924300,3400,no
157,BUY,1.663607,21:07:23.333905817,yes,6.260000,ask1,100,00:00:00.000035527,0.683013,1.464100,0.822283,2,1,1194,2406,1.250000,0.921200,3400,no
158,BUY,0.976380,21:07:23.333905817,yes,6.260000,ask1,100,00:00:00.000040412,0.620921,1.610510,0.822283,2,1,1198,2402,1.250000,0.918100,3400,no
159,BUY,0.622298,21:07:23.333905817,yes,6.260000,ask1,100,00:00:00.000054967,0.564474,1.771561,0.822283,2,1,1201,2399,1.250000,0.915900,3400,no
160,BUY,1.191395,21:07:23.333905817,yes,6.260000,ask1,100,00:00:00.000040539,0.513158,1.948717,0.822283,2,1,1206,2394,1.250000,0.912100,3400,no
161,BUY,0.901764,21:07:23.333905817,yes,6.260000,ask1,200,00:00:00.000037327,0.466507,2.143589,0.822283,2,1,1214,2386,1.250000,0.906000,3400,no
162,BUY,0.165629,21:07:23.333905817,no,-,-,-,-,0.424098,2.357948,0.822283,2,1,1219,2381,1.250000,0.902300,3400,no
163,BUY,0.454430,21:07:23.333905817,yes,6.269900,ask1,200,00:00:00.000043713,0.385543,2.593742,0.822283,2,1,1225,2375,1.250000,0.897900,3400,no
164,BUY,0.038099,21:07:23.333905817,no,-,-,-,-,0.350494,2.853117,0.822283,2,1,1231,2369,1.250000,0.893500,3400,no
165,BUY,-0.179783,21:07:23.333905817,no,-,-,-,-,0.318631,3.138428,0.822283,2,1,1234,2366,1.250000,0.891400,3400,no
166,BUY,0.396656,21:07:23.333905817,yes,6.269900,ask1,300,00:00:00.000041911,0.289664,3.452271,0.822283,2,1,1238,2362,1.250000,0.888500,3400,no
167,BUY,-0.201033,21:07:23.333905817,no,-,-,-,-,0.263331,3.797498,0.822283,2,1,1242,2358,1.250000,0.885600,3400,no
168,BUY,-0.541440,21:07:23.333905817,no,-,-,-,-,0.239392,4.177248,0.822283,2,1,1248,2352,1.250000,0.881400,3400,no
169,BUY,-1.256524,21:07:23.333905817,no,-,-,-,-,0.217629,4.594973,0.822283,2,1,1251,2349,1.250000,0.879200,3400,no
170,BUY,-0.289637,21:07:23.333905817,no,-,-,-,-,0.197845,5.054470,0.822283,2,1,1255,2345,1.250000,0.876400,3400,no
171,BUY,-0.360120,21:07:23.333905817,no,-,-,-,-,0.179859,5.559917,0.822283,2,1,1259,2341,1.250000,0.873700,3400,no
172,BUY,-0.274280,21:07:23.333905817,no,-,-,-,-,0.163508,6.115909,0.822283,2,1,1264,2336,1.250000,0.870200,3400,no
173,BUY,0.422350,21:07:23.333905817,yes,6.260000,ask1,600,00:00:00.000041191,0.148644,6.727500,0.822283,2,1,1268,2332,1.250000,0.867500,3400,no
174,BUY,-0.324616,21:07:23.333905817,no,-,-,-,-,0.135131,7.400250,0.822283,2,1,1271,2329,1.250000,0.865400,3400,no
175,BUY,0.141997,21:07:23.333905817,yes,6.269900,ask1,800,00:00:00.000060103,0.122846,8.140275,0.822283,2,1,1275,2325,1.250000,0.862700,3400,no
176,BUY,1.818323,21:07:23.333905817,yes,6.269900,ask1,800,00:00:00.000038934,0.111678,8.954302,0.822283,2,1,1279,2321,1.250000,0.860000,3400,no
177,BUY,0.421139,21:07:23.333905817,yes,6.269900,ask1,900,00:00:00.000041616,0.101526,9.849733,0.822283,2,1,1282,2318,1.250000,0.858000,3400,no
178,BUY,0.264521,21:07:23.333905817,yes,6.279900,ask1,1000,00:00:00.000042945,0.100000,10.000000,0.822283,2,1,1287,2313,1.250000,0.854700,3400,no
179,BUY,0.866765,21:07:23.333905817,yes,6.269900,ask1,1000,00:00:00.000036164,0.100000,10.000000,0.822283,2,1,1291,2309,1.250000,0.852000,3400,no
180,BUY,0.753135,21:07:23.333905817,yes,6.269900,ask1,1000,00:00:00.000042808,0.100000,10.000000,0.822283,2,1,1297,2303,1.250000,0.848100,3400,no
181,BUY,0.014013,21:07:23.333905817,no,-,-,-,-,0.100000,10.000000,0.822283,2,1,1300,2300,1.250000,0.846100,3400,no
182,BUY,0.623995,21:07:23.333905817,yes,6.269900,ask1,1000,00:00:00.000072899,0.100000,10.000000,0.822283,2,1,1304,2296,1.250000,0.843500,3400,no
183,BUY,-0.086967,21:07:23.333905817,no,-,-,-,-,0.100000,10.000000,0.822283,2,1,1308,2292,1.250000,0.840900,3400,no
184,BUY,-0.064984,21:07:23.333905817,no,-,-,-,-,0.100000,10.000000,0.822283,2,1,1313,2287,1.250000,0.837700,3400,no
185,BUY,1.330985,21:07:23.333905817,yes,6.279900,ask1,1000,00:00:00.000040788,0.100000,10.000000,0.822283,2,1,1316,2284,1.250000,0.835800,3400,no
186,BUY,0.985972,21:07:23.333905817,yes,6.279900,ask1,1000,00:00:00.000046318,0.100000,10.000000,0.822283,2,1,1320,2280,1.250000,0.833300,3400,no
187,BUY,-0.629879,21:07:23.333905817,no,-,-,-,-,0.100000,10.000000,0.822283,2,1,1325,2275,1.250000,0.830100,3400,no
188,BUY,-0.351720,21:07:23.333905817,no,-,-,-,-,0.100000,10.000000,0.822283,2,1,1330,2270,1.250000,0.827000,3400,no
189,BUY,-0.897871,21:07:23.333905817,no,-,-,-,-,0.100000,10.000000,0.822283,2,1,1335,2265,1.250000,0.823900,3400,no
190,BUY,-1.729304,21:07:23.333905817,no,-,-,-,-,0.100000,10.000000,0.822283,2,1,1338,2262,1.250000,0.822100,3400,no
191,BUY,-2.719810,21:07:23.333905817,no,-,-,-,-,0.100000,10.000000,0.822283,2,1,1345,2255,1.250000,0.817800,3400,no
192,BUY,-0.301232,21:07:23.333905817,no,-,-,-,-,0.100000,10.000000,0.822283,2,1,1348,2252,1.250000,0.816000,3400,no
193,BUY,-0.657785,21:07:23.333905817,no,-,-,-,-,0.100000,10.000000,0.822283,2,1,1352,2248,1.250000,0.813600,3400,no
194,BUY,-0.683522,21:07:23.333905817,no,-,-,-,-,0.100000,10.000000,0.822283,2,1,1355,2245,1.250000,0.811800,3400,no
195,BUY,-0.339965,21:07:23.333905817,no,-,-,-,-,0.100000,10.000000,0.822283,2,1,1358,2242,1.250000,0.810000,3400,no
196,BUY,-0.477934,21:07:23.333905817,no,-,-,-,-,0.100000,10.000000,0.822283,2,1,1361,2239,1.250000,0.808200,3400,no
197,BUY,-0.408625,21:07:23.333905817,no,-,-,-,-,0.100000,10.000000,0.822283,2,1,1365,2235,1.250000,0.805800,3400,no
198,BUY,-0.303989,21:07:23.333905817,no,-,-,-,-,0.100000,10.000000,0.822283,2,1,1369,2231,1.250000,0.803500,3400,no
199,BUY,0.321484,21:07:23.333905817,yes,6.290000,ask1,1000,00:00:00.000038050,0.100000,10.000000,0.822283,2,1,1375,2225,1.250000,0.800000,3400,no
200,BUY,0.535585,21:07:23.333905817,yes,6.290000,ask1,1000,00:00:00.000041677,0.100000,10.000000,0.822283,2,1,1428,2172,1.250000,0.770300,3400,no
201,BUY,1.085571,21:07:23.333905817,yes,6.279900,ask1,1000,00:00:00.000073598,0.100000,10.000000,0.822283,2,1,1435,2165,1.250000,0.766500,3400,no
202,BUY,-0.234415,21:07:23.333905817,no,-,-,-,-,0.100000,10.000000,0.822283,2,1,1491,2109,1.250000,0.737700,3400,no
203,BUY,0.389687,21:07:23.333905817,yes,6.279900,ask1,1000,00:00:00.000036048,0.100000,10.000000,0.822283,2,1,1495,2105,1.250000,0.735700,3400,no
204,BUY,0.998997,21:07:23.333905817,yes,6.269900,ask1,1000,00:00:00.000034789,0.100000,10.000000,0.822283,2,1,1552,2048,1.250000,0.708700,3400,no
205,BUY,0.155532,21:07:23.333905817,yes,6.269900,ask1,1000,00:00:00.000042297,0.100000,10.000000,0.822283,2,1,1554,2046,1.250000,0.707800,3400,no
206,BUY,-1.299654,21:07:23.333905817,no,-,-,-,-,0.100000,10.000000,0.822283,2,1,1562,2038,1.250000,0.704200,3400,no
207,BUY,-1.171580,21:07:23.333905817,no,-,-,-,-,0.100000,10.000000,0.822283,2,1,1565,2035,1.250000,0.702800,3400,no
208,BUY,-1.394084,21:07:23.333905817,no,-,-,-,-,0.100000,10.000000,0.822283,2,1,1567,2033,1.250000,0.701900,3400,no
209,BUY,-1.679393,21:07:23.333905817,no,-,-,-,-,0.100000,10.000000,0.822283,2,1,1572,2028,1.250000,0.699700,3400,no
210,BUY,-2.126067,21:07:23.333905817,no,-,-,-,-,0.100000,10.000000,0.822283,2,1,1577,2023,1.250000,0.697500,3400,no
211,BUY,-0.764335,21:07:23.333905817,no,-,-,-,-,0.100000,10.000000,0.822283,2,1,1580,2020,1.250000,0.696200,3400,no
212,BUY,-0.380995,21:07:23.333905817,no,-,-,-,-,0.100000,10.000000,0.822283,2,1,1584,2016,1.250000,0.694400,3400,no
213,BUY,-0.870128,21:07:23.333905817,no,-,-,-,-,0.100000,10.000000,0.822283,2,1,1588,2012,1.250000,0.692600,3400,no
214,BUY,-0.559085,21:07:23.333905817,no,-,-,-,-,0.100000,10.000000,0.822283,2,1,1593,2007,1.250000,0.690500,3400,no
215,BUY,-1.606874,21:07:23.333905817,no,-,-,-,-,0.100000,10.000000,0.822283,2,1,1617,1983,1.250000,0.680200,3400,no
216,BUY,-1.066038,21:07:23.333905817,no,-,-,-,-,0.100000,10.000000,0.822283,2,1,1620,1980,1.250000,0.679000,3400,no
217,BUY,-1.254093,21:07:23.333905817,no,-,-,-,-,0.100000,10.000000,0.822283,2,1,1626,1974,1.250000,0.676500,3400,no
218,BUY,-1.404043,21:07:23.333905817,no,-,-,-,-,0.100000,10.000000,0.822283,2,1,1638,1962,1.250000,0.671500,3400,no
219,BUY,-1.718215,21:07:23.333905817,no,-,-,-,-,0.100000,10.000000,0.822283,2,1,1649,1951,1.250000,0.667000,3400,no
220,BUY,-1.050233,21:07:23.333905817,no,-,-,-,-,0.100000,10.000000,0.822283,2,1,1653,1947,1.250000,0.665400,3400,no
221,BUY,-0.958684,21:07:23.333905817,no,-,-,-,-,0.100000,10.000000,0.822283,2,1,1655,1945,1.250000,0.664600,3400,no
222,BUY,1.199667,21:07:23.333905817,yes,6.239900,ask1,3400,00:00:00.000028323,0.100000,10.000000,0.822283,2,1,4926,-1326,1.250000,0.223300,3400,yes
223,BUY,-0.855411,21:07:23.333905817,yes,6.229900,bid1,3400,00:00:00.000025844,0.100000,10.000000,0.822283,2,1,4930,-1330,1.250000,0.223100,3400,yes
224,BUY,-1.874871,21:07:23.333905817,yes,6.229900,bid1,3400,00:00:00.000024803,0.100000,10.000000,0.822283,2,1,4935,-1335,1.250000,0.222800,3400,yes
225,BUY,-1.518988,21:07:23.333905817,yes,6.229900,bid1,3400,00:00:00.000025475,0.100000,10.000000,0.822283,2,1,4938,-1338,1.250000,0.222700,3400,yes
226,BUY,-2.180486,21:07:23.333905817,yes,6.229900,bid1,3400,00:00:00.000030580,0.100000,10.000000,0.822283,2,1,4942,-1342,1.250000,0.222500,3400,yes
227,BUY,-2.937637,21:07:23.333905817,yes,6.229900,bid1,3400,00:00:00.000027810,0.100000,10.000000,0.822283,2,1,4946,-1346,1.250000,0.222400,3400,yes
228,BUY,-2.789894,21:07:23.333905817,yes,6.229900,bid1,3400,00:00:00.000036427,0.100000,10.000000,0.822283,2,1,4949,-1349,1.250000,0.222200,3400,yes
229,BUY,-0.578412,21:07:23.333905817,yes,6.229900,bid1,3400,00:00:00.000026264,0.100000,10.000000,0.822283,2,1,4954,-1354,1.250000,0.222000,3400,yes
230,BUY,-1.565783,21:07:23.333905817,yes,6.229900,bid1,3400,00:00:00.000027284,0.100000,10.000000,0.822283,2,1,4957,-1357,1.250000,0.221900,3400,yes
231,BUY,-0.870515,21:07:23.333905817,yes,6.229900,bid1,3400,00:00:00.000025533,0.100000,10.000000,0.822283,2,1,4960,-1360,1.250000,0.221700,3400,yes
232,BUY,-1.228958,21:07:23.333905817,yes,6.229900,bid1,3400,00:00:00.000031219,0.100000,10.000000,0.822283,2,1,4965,-1365,1.250000,0.221500,3400,yes
233,BUY,-1.022811,21:07:23.333905817,yes,6.229900,bid1,3400,00:00:00.000026266,0.100000,10.000000,0.822283,2,1,4968,-1368,1.250000,0.221400,3400,yes
234,BUY,-1.459378,21:07:23.333905817,yes,6.229900,bid1,3400,00:00:00.000025364,0.100000,10.000000,0.822283,2,1,4972,-1372,1.250000,0.221200,3400,yes
235,BUY,-0.540803,21:07:23.333905817,yes,6.229900,bid1,3400,00:00:00.000025807,0.100000,10.000000,0.822283,2,1,4977,-1377,1.250000,0.221000,3400,yes
236,BUY,-1.651671,21:07:23.333905817,yes,6.229900,bid1,3400,00:00:00.000029811,0.100000,10.000000,0.822283,2,1,4981,-1381,1.250000,0.220800,3400,yes
237,BUY,0.226729,21:07:23.333905817,yes,6.239900,ask1,3400,00:00:00.000026482,0.100000,10.000000,0.822283,2,1,4985,-1385,1.250000,0.220600,3400,yes
238,BUY,-1.137578,21:07:23.333905817,yes,6.229900,bid1,3400,00:00:00.000026919,0.100000,10.000000,0.822283,2,1,4990,-1390,1.250000,0.220400,3400,yes
239,BUY,-1.080014,21:07:23.333905817,yes,6.229900,bid1,3400,00:00:00.000026145,0.100000,10.000000,0.822283,2,1,4994,-1394,1.250000,0.220200,3400,yes
240,BUY,-2.022714,21:07:23.333905817,yes,6.229900,bid1,3400,00:00:00.000029560,0.100000,10.000000,0.822283,2,1,4999,-1399,1.250000,0.220000,3400,yes
241,BUY,-0.293194,21:07:23.333905817,yes,6.220000,bid1,3400,00:00:00.000028583,0.100000,10.000000,0.822283,2,1,5004,-1404,1.250000,0.219800,3400,yes
242,BUY,-0.747738,21:07:23.333905817,yes,6.220000,bid1,3400,00:00:00.000031669,0.100000,10.000000,0.822283,2,1,5007,-1407,1.250000,0.219600,3400,yes
243,BUY,0.919374,21:07:23.333905817,yes,6.220000,ask1,3400,00:00:00.000024514,0.100000,10.000000,0.822283,2,1,5035,-1435,1.250000,0.218400,3400,yes
244,BUY,2.045842,21:07:23.333905817,yes,6.220000,ask1,3400,00:00:00.000025139,0.100000,10.000000,0.822283,2,1,5038,-1438,1.250000,0.218300,3400,yes
245,BUY,2.235767,21:07:23.333905817,yes,6.220000,ask1,3400,00:00:00.000025993,0.100000,10.000000,0.822283,2,1,5041,-1441,1.250000,0.218200,3400,yes
246,BUY,0.662462,21:07:23.333905817,yes,6.220000,ask1,3400,00:00:00.000026648,0.100000,10.000000,0.822283,2,1,5046,-1446,1.250000,0.217900,3400,yes
247,BUY,0.111252,21:07:23.333905817,yes,6.220000,ask1,3400,00:00:00.000025744,0.100000,10.000000,0.822283,2,1,5049,-1449,1.250000,0.217800,3400,yes
