轮数,方向,预测值,算法开始时间,是否下单,下单价格,档位,下单量,下单耗时(从预测到下单),r1,r2,std,freq,qty_scalar,经过时间,剩余时间,目标速度,实际速度,剩余量,是否为最后一轮
1,SELL,-0.321187,21:07:23.334650171,no,-,-,-,-,0.909091,1.100000,0.788492,2,1,332,3268,11.250000,0.000000,40500,no
2,SELL,-1.591986,21:07:23.334650171,no,-,-,-,-,0.826446,1.210000,0.788492,2,1,336,3264,11.250000,0.000000,40500,no
3,SELL,0.134199,21:07:23.334650171,no,-,-,-,-,0.751315,1.331000,0.788492,2,1,339,3261,11.250000,0.000000,40500,no
4,SELL,-1.023191,21:07:23.334650171,no,-,-,-,-,0.683013,1.464100,0.788492,2,1,343,3257,11.250000,0.000000,40500,no
5,SELL,-1.368102,21:07:23.334650171,no,-,-,-,-,0.620921,1.610510,0.788492,2,1,347,3253,11.250000,0.000000,40500,no
6,SELL,-2.477659,21:07:23.334650171,no,-,-,-,-,0.564474,1.771561,0.788492,2,1,351,3249,11.250000,0.000000,40500,no
7,SELL,-2.711577,21:07:23.334650171,no,-,-,-,-,0.513158,1.948717,0.788492,2,1,356,3244,11.250000,0.000000,40500,no
8,SELL,-3.158074,21:07:23.334650171,no,-,-,-,-,0.466507,2.143589,0.788492,2,1,360,3240,11.250000,0.000000,40500,no
9,SELL,-3.440041,21:07:23.334650171,no,-,-,-,-,0.424098,2.357948,0.788492,2,1,363,3237,11.250000,0.000000,40500,no
10,SELL,-2.683201,21:07:23.334650171,no,-,-,-,-,0.385543,2.593742,0.788492,2,1,367,3233,11.250000,0.000000,40500,no
11,SELL,-1.766320,21:07:23.334650171,no,-,-,-,-,0.350494,2.853117,0.788492,2,1,370,3230,11.250000,0.000000,40500,no
12,SELL,-2.378153,21:07:23.334650171,no,-,-,-,-,0.318631,3.138428,0.788492,2,1,373,3227,11.250000,0.000000,40500,no
13,SELL,-2.622425,21:07:23.334650171,no,-,-,-,-,0.289664,3.452271,0.788492,2,1,377,3223,11.250000,0.000000,40500,no
14,SELL,-2.005941,21:07:23.334650171,no,-,-,-,-,0.263331,3.797498,0.788492,2,1,381,3219,11.250000,0.000000,40500,no
15,SELL,-3.109039,21:07:23.334650171,no,-,-,-,-,0.239392,4.177248,0.788492,2,1,383,3217,11.250000,0.000000,40500,no
16,SELL,-2.839835,21:07:23.334650171,no,-,-,-,-,0.217629,4.594973,0.788492,2,1,387,3213,11.250000,0.000000,40500,no
17,SELL,-2.992946,21:07:23.334650171,no,-,-,-,-,0.197845,5.054470,0.788492,2,1,392,3208,11.250000,0.000000,40500,no
18,SELL,-2.468399,21:07:23.334650171,no,-,-,-,-,0.179859,5.559917,0.788492,2,1,397,3203,11.250000,0.000000,40500,no
19,SELL,-2.535613,21:07:23.334650171,no,-,-,-,-,0.163508,6.115909,0.788492,2,1,399,3201,11.250000,0.000000,40500,no
20,SELL,-3.012329,21:07:23.334650171,no,-,-,-,-,0.148644,6.727500,0.788492,2,1,402,3198,11.250000,0.000000,40500,no
21,SELL,-1.557022,21:07:23.334650171,no,-,-,-,-,0.135131,7.400250,0.788492,2,1,407,3193,11.250000,0.000000,40500,no
22,SELL,-1.365508,21:07:23.334650171,no,-,-,-,-,0.122846,8.140275,0.788492,2,1,410,3190,11.250000,0.000000,40500,no
23,SELL,-0.999880,21:07:23.334650171,no,-,-,-,-,0.111678,8.954302,0.788492,2,1,412,3188,11.250000,0.000000,40500,no
24,SELL,-0.817012,21:07:23.334650171,no,-,-,-,-,0.101526,9.849733,0.788492,2,1,417,3183,11.250000,0.000000,40500,no
25,SELL,-1.381013,21:07:23.334650171,no,-,-,-,-,0.100000,10.000000,0.788492,2,1,422,3178,11.250000,0.000000,40500,no
26,SELL,-1.243829,21:07:23.334650171,no,-,-,-,-,0.100000,10.000000,0.788492,2,1,427,3173,11.250000,0.000000,40500,no
27,SELL,-1.003313,21:07:23.334650171,no,-,-,-,-,0.100000,10.000000,0.788492,2,1,432,3168,11.250000,0.000000,40500,no
28,SELL,-1.995032,21:07:23.334650171,no,-,-,-,-,0.100000,10.000000,0.788492,2,1,438,3162,11.250000,0.000000,40500,no
29,SELL,-0.891512,21:07:23.334650171,no,-,-,-,-,0.100000,10.000000,0.788492,2,1,442,3158,11.250000,0.000000,40500,no
30,SELL,-1.387431,21:07:23.334650171,no,-,-,-,-,0.100000,10.000000,0.788492,2,1,445,3155,11.250000,0.000000,40500,no
31,SELL,-1.858584,21:07:23.334650171,no,-,-,-,-,0.100000,10.000000,0.788492,2,1,448,3152,11.250000,0.000000,40500,no
32,SELL,-0.477662,21:07:23.334650171,no,-,-,-,-,0.100000,10.000000,0.788492,2,1,452,3148,11.250000,0.000000,40500,no
33,SELL,-0.681422,21:07:23.334650171,no,-,-,-,-,0.100000,10.000000,0.788492,2,1,457,3143,11.250000,0.000000,40500,no
34,SELL,-0.170989,21:07:23.334650171,no,-,-,-,-,0.100000,10.000000,0.788492,2,1,461,3139,11.250000,0.000000,40500,no
35,SELL,-0.518655,21:07:23.334650171,no,-,-,-,-,0.100000,10.000000,0.788492,2,1,464,3136,11.250000,0.000000,40500,no
36,SELL,0.548770,21:07:23.334650171,no,-,-,-,-,0.100000,10.000000,0.788492,2,1,467,3133,11.250000,0.000000,40500,no
37,SELL,0.212463,21:07:23.334650171,no,-,-,-,-,0.100000,10.000000,0.788492,2,1,471,3129,11.250000,0.000000,40500,no
38,SELL,0.485592,21:07:23.334650171,no,-,-,-,-,0.100000,10.000000,0.788492,2,1,475,3125,11.250000,0.000000,40500,no
39,SELL,0.218082,21:07:23.334650171,no,-,-,-,-,0.100000,10.000000,0.788492,2,1,480,3120,11.250000,0.000000,40500,no
40,SELL,-0.514868,21:07:23.334650171,no,-,-,-,-,0.100000,10.000000,0.788492,2,1,483,3117,11.250000,0.000000,40500,no
41,SELL,-0.009644,21:07:23.334650171,no,-,-,-,-,0.100000,10.000000,0.788492,2,1,487,3113,11.250000,0.000000,40500,no
42,SELL,-0.381437,21:07:23.334650171,no,-,-,-,-,0.100000,10.000000,0.788492,2,1,490,3110,11.250000,0.000000,40500,no
43,SELL,-1.115867,21:07:23.334650171,no,-,-,-,-,0.100000,10.000000,0.788492,2,1,495,3105,11.250000,0.000000,40500,no
44,SELL,-0.261975,21:07:23.334650171,no,-,-,-,-,0.100000,10.000000,0.788492,2,1,501,3099,11.250000,0.000000,40500,no
45,SELL,-0.361414,21:07:23.334650171,no,-,-,-,-,0.100000,10.000000,0.788492,2,1,505,3095,11.250000,0.000000,40500,no
46,SELL,-0.314062,21:07:23.334650171,no,-,-,-,-,0.100000,10.000000,0.788492,2,1,509,3091,11.250000,0.000000,40500,no
47,SELL,-0.124402,21:07:23.334650171,no,-,-,-,-,0.100000,10.000000,0.788492,2,1,514,3086,11.250000,0.000000,40500,no
48,SELL,-0.363950,21:07:23.334650171,no,-,-,-,-,0.100000,10.000000,0.788492,2,1,518,3082,11.250000,0.000000,40500,no
49,SELL,-0.970353,21:07:23.334650171,no,-,-,-,-,0.100000,10.000000,0.788492,2,1,522,3078,11.250000,0.000000,40500,no
50,SELL,-0.590870,21:07:23.334650171,no,-,-,-,-,0.100000,10.000000,0.788492,2,1,527,3073,11.250000,0.000000,40500,no
51,SELL,0.368637,21:07:23.334650171,no,-,-,-,-,0.100000,10.000000,0.788492,2,1,530,3070,11.250000,0.000000,40500,no
52,SELL,0.049689,21:07:23.334650171,no,-,-,-,-,0.100000,10.000000,0.788492,2,1,535,3065,11.250000,0.000000,40500,no
53,SELL,0.415836,21:07:23.334650171,no,-,-,-,-,0.100000,10.000000,0.788492,2,1,539,3061,11.250000,0.000000,40500,no
54,SELL,-1.356704,21:07:23.334650171,no,-,-,-,-,0.100000,10.000000,0.788492,2,1,546,3054,11.250000,0.000000,40500,no
55,SELL,-2.270118,21:07:23.334650171,no,-,-,-,-,0.100000,10.000000,0.788492,2,1,554,3046,11.250000,0.000000,40500,no
56,SELL,-1.331236,21:07:23.334650171,no,-,-,-,-,0.100000,10.000000,0.788492,2,1,557,3043,11.250000,0.000000,40500,no
57,SELL,-1.689357,21:07:23.334650171,no,-,-,-,-,0.100000,10.000000,0.788492,2,1,563,3037,11.250000,0.000000,40500,no
58,SELL,-0.772413,21:07:23.334650171,no,-,-,-,-,0.100000,10.000000,0.788492,2,1,568,3032,11.250000,0.000000,40500,no
59,SELL,-2.000667,21:07:23.334650171,no,-,-,-,-,0.100000,10.000000,0.788492,2,1,571,3029,11.250000,0.000000,40500,no
60,SELL,-1.360018,21:07:23.334650171,no,-,-,-,-,0.100000,10.000000,0.788492,2,1,576,3024,11.250000,0.000000,40500,no
61,SELL,-0.207036,21:07:23.334650171,no,-,-,-,-,0.100000,10.000000,0.788492,2,1,579,3021,11.250000,0.000000,40500,no
62,SELL,1.910262,21:07:23.334650171,no,-,-,-,-,0.100000,10.000000,0.788492,2,1,583,3017,11.250000,0.000000,40500,no
63,SELL,0.356744,21:07:23.334650171,no,-,-,-,-,0.100000,10.000000,0.788492,2,1,587,3013,11.250000,0.000000,40500,no
64,SELL,0.769127,21:07:23.334650171,no,-,-,-,-,0.100000,10.000000,0.788492,2,1,592,3008,11.250000,0.000000,40500,no
65,SELL,0.661465,21:07:23.334650171,no,-,-,-,-,0.100000,10.000000,0.788492,2,1,595,3005,11.250000,0.000000,40500,no
66,SELL,0.600469,21:07:23.334650171,no,-,-,-,-,0.100000,10.000000,0.788492,2,1,600,3000,11.250000,0.000000,40500,no
67,SELL,0.563797,21:07:23.334650171,no,-,-,-,-,0.100000,10.000000,0.788492,2,1,604,2996,11.250000,0.000000,40500,no
68,SELL,-1.204035,21:07:23.334650171,no,-,-,-,-,0.100000,10.000000,0.788492,2,1,608,2992,11.250000,0.000000,40500,no
69,SELL,-1.199959,21:07:23.334650171,no,-,-,-,-,0.100000,10.000000,0.788492,2,1,611,2989,11.250000,0.000000,40500,no
70,SELL,-0.160440,21:07:23.334650171,no,-,-,-,-,0.100000,10.000000,0.788492,2,1,614,2986,11.250000,0.000000,40500,no
71,SELL,-0.972219,21:07:23.334650171,no,-,-,-,-,0.100000,10.000000,0.788492,2,1,618,2982,11.250000,0.000000,40500,no
72,SELL,-0.857648,21:07:23.334650171,no,-,-,-,-,0.100000,10.000000,0.788492,2,1,621,2979,11.250000,0.000000,40500,no
73,SELL,-0.843997,21:07:23.334650171,no,-,-,-,-,0.100000,10.000000,0.788492,2,1,625,2975,11.250000,0.000000,40500,no
74,SELL,-0.686077,21:07:23.334650171,no,-,-,-,-,0.100000,10.000000,0.788492,2,1,630,2970,11.250000,0.000000,40500,no
75,SELL,-0.252237,21:07:23.334650171,no,-,-,-,-,0.100000,10.000000,0.788492,2,1,634,2966,11.250000,0.000000,40500,no
76,SELL,0.369209,21:07:23.334650171,no,-,-,-,-,0.100000,10.000000,0.788492,2,1,637,2963,11.250000,0.000000,40500,no
77,SELL,0.749342,21:07:23.334650171,no,-,-,-,-,0.100000,10.000000,0.788492,2,1,640,2960,11.250000,0.000000,40500,no
78,SELL,0.500233,21:07:23.334650171,no,-,-,-,-,0.100000,10.000000,0.788492,2,1,642,2958,11.250000,0.000000,40500,no
79,SELL,0.475950,21:07:23.334650171,no,-,-,-,-,0.100000,10.000000,0.788492,2,1,645,2955,11.250000,0.000000,40500,no
80,SELL,0.368779,21:07:23.334650171,no,-,-,-,-,0.100000,10.000000,0.788492,2,1,648,2952,11.250000,0.000000,40500,no
81,SELL,0.215164,21:07:23.334650171,no,-,-,-,-,0.100000,10.000000,0.788492,2,1,651,2949,11.250000,0.000000,40500,no
82,SELL,0.261127,21:07:23.334650171,no,-,-,-,-,0.100000,10.000000,0.788492,2,1,655,2945,11.250000,0.000000,40500,no
83,SELL,-1.534562,21:07:23.334650171,no,-,-,-,-,0.100000,10.000000,0.788492,2,1,659,2941,11.250000,0.000000,40500,no
84,SELL,-0.699303,21:07:23.334650171,no,-,-,-,-,0.100000,10.000000,0.788492,2,1,663,2937,11.250000,0.000000,40500,no
85,SELL,-0.562514,21:07:23.334650171,no,-,-,-,-,0.100000,10.000000,0.788492,2,1,668,2932,11.250000,0.000000,40500,no
86,SELL,-0.132168,21:07:23.334650171,no,-,-,-,-,0.100000,10.000000,0.788492,2,1,670,2930,11.250000,0.000000,40500,no
87,SELL,-0.232280,21:07:23.334650171,no,-,-,-,-,0.100000,10.000000,0.788492,2,1,673,2927,11.250000,0.000000,40500,no
88,SELL,0.090232,21:07:23.334650171,no,-,-,-,-,0.100000,10.000000,0.788492,2,1,677,2923,11.250000,0.000000,40500,no
89,SELL,0.088873,21:07:23.334650171,no,-,-,-,-,0.100000,10.000000,0.788492,2,1,680,2920,11.250000,0.000000,40500,no
90,SELL,-0.559471,21:07:23.334650171,no,-,-,-,-,0.100000,10.000000,0.788492,2,1,684,2916,11.250000,0.000000,40500,no
91,SELL,-0.835976,21:07:23.334650171,no,-,-,-,-,0.100000,10.000000,0.788492,2,1,687,2913,11.250000,0.000000,40500,no
92,SELL,-1.497267,21:07:23.334650171,no,-,-,-,-,0.100000,10.000000,0.788492,2,1,690,2910,11.250000,0.000000,40500,no
93,SELL,-2.281670,21:07:23.334650171,no,-,-,-,-,0.100000,10.000000,0.788492,2,1,694,2906,11.250000,0.000000,40500,no
94,SELL,-1.620515,21:07:23.334650171,no,-,-,-,-,0.100000,10.000000,0.788492,2,1,697,2903,11.250000,0.000000,40500,no
95,SELL,-0.970021,21:07:23.334650171,no,-,-,-,-,0.100000,10.000000,0.788492,2,1,702,2898,11.250000,0.000000,40500,no
96,SELL,-0.554512,21:07:23.334650171,no,-,-,-,-,0.100000,10.000000,0.788492,2,1,705,2895,11.250000,0.000000,40500,no
97,SELL,0.382584,21:07:23.334650171,no,-,-,-,-,0.100000,10.000000,0.788492,2,1,707,2893,11.250000,0.000000,40500,no
98,SELL,-0.004858,21:07:23.334650171,no,-,-,-,-,0.100000,10.000000,0.788492,2,1,711,2889,11.250000,0.000000,40500,no
99,SELL,-0.509233,21:07:23.334650171,no,-,-,-,-,0.100000,10.000000,0.788492,2,1,714,2886,11.250000,0.000000,40500,no
100,SELL,-0.918781,21:07:23.334650171,no,-,-,-,-,0.100000,10.000000,0.788492,2,1,716,2884,11.250000,0.000000,40500,no
101,SELL,-0.819880,21:07:23.334650171,no,-,-,-,-,0.100000,10.000000,0.788492,2,1,719,2881,11.250000,0.000000,40500,no
102,SELL,-1.039824,21:07:23.334650171,no,-,-,-,-,0.100000,10.000000,0.788492,2,1,723,2877,11.250000,0.000000,40500,no
103,SELL,-1.562367,21:07:23.334650171,no,-,-,-,-,0.100000,10.000000,0.788492,2,1,726,2874,11.250000,0.000000,40500,no
104,SELL,-0.824909,21:07:23.334650171,no,-,-,-,-,0.100000,10.000000,0.788492,2,1,730,2870,11.250000,0.000000,40500,no
105,SELL,-0.666485,21:07:23.334650171,no,-,-,-,-,0.100000,10.000000,0.788492,2,1,734,2866,11.250000,0.000000,40500,no
106,SELL,-1.619538,21:07:23.334650171,no,-,-,-,-,0.100000,10.000000,0.788492,2,1,738,2862,11.250000,0.000000,40500,no
107,SELL,-2.167340,21:07:23.334650171,no,-,-,-,-,0.100000,10.000000,0.788492,2,1,744,2856,11.250000,0.000000,40500,no
108,SELL,-2.786088,21:07:23.334650171,no,-,-,-,-,0.100000,10.000000,0.788492,2,1,750,2850,11.250000,0.000000,40500,no
109,SELL,-2.221215,21:07:23.334650171,no,-,-,-,-,0.100000,10.000000,0.788492,2,1,756,2844,11.250000,0.000000,40500,no
110,SELL,-1.127176,21:07:23.334650171,no,-,-,-,-,0.100000,10.000000,0.788492,2,1,759,2841,11.250000,0.000000,40500,no
111,SELL,-1.487569,21:07:23.334650171,no,-,-,-,-,0.100000,10.000000,0.788492,2,1,764,2836,11.250000,0.000000,40500,no
112,SELL,-1.460456,21:07:23.334650171,no,-,-,-,-,0.100000,10.000000,0.788492,2,1,767,2833,11.250000,0.000000,40500,no
113,SELL,-1.380594,21:07:23.334650171,no,-,-,-,-,0.100000,10.000000,0.788492,2,1,771,2829,11.250000,0.000000,40500,no
114,SELL,-1.386452,21:07:23.334650171,no,-,-,-,-,0.100000,10.000000,0.788492,2,1,774,2826,11.250000,0.000000,40500,no
115,SELL,-1.425200,21:07:23.334650171,no,-,-,-,-,0.100000,10.000000,0.788492,2,1,777,2823,11.250000,0.000000,40500,no
116,SELL,-1.244064,21:07:23.334650171,no,-,-,-,-,0.100000,10.000000,0.788492,2,1,782,2818,11.250000,0.000000,40500,no
117,SELL,-1.024002,21:07:23.334650171,no,-,-,-,-,0.100000,10.000000,0.788492,2,1,785,2815,11.250000,0.000000,40500,no
118,SELL,-1.586446,21:07:23.334650171,no,-,-,-,-,0.100000,10.000000,0.788492,2,1,787,2813,11.250000,0.000000,40500,no
119,SELL,-2.285244,21:07:23.334650171,no,-,-,-,-,0.100000,10.000000,0.788492,2,1,790,2810,11.250000,0.000000,40500,no
120,SELL,-1.211402,21:07:23.334650171,no,-,-,-,-,0.100000,10.000000,0.788492,2,1,793,2807,11.250000,0.000000,40500,no
121,SELL,1.607395,21:07:23.334650171,no,-,-,-,-,0.100000,10.000000,0.788492,2,1,796,2804,11.250000,0.000000,40500,no
122,SELL,1.079844,21:07:23.334650171,no,-,-,-,-,0.100000,10.000000,0.788492,2,1,799,2801,11.250000,0.000000,40500,no
123,SELL,0.552714,21:07:23.334650171,no,-,-,-,-,0.100000,10.000000,0.788492,2,1,803,2797,11.250000,0.000000,40500,no
124,SELL,0.101450,21:07:23.334650171,no,-,-,-,-,0.100000,10.000000,0.788492,2,1,808,2792,11.250000,0.000000,40500,no
125,SELL,-0.391479,21:07:23.334650171,no,-,-,-,-,0.100000,10.000000,0.788492,2,1,810,2790,11.250000,0.000000,40500,no
126,SELL,-1.235454,21:07:23.334650171,no,-,-,-,-,0.100000,10.000000,0.788492,2,1,814,2786,11.250000,0.000000,40500,no
127,SELL,0.403062,21:07:23.334650171,no,-,-,-,-,0.100000,10.000000,0.788492,2,1,819,2781,11.250000,0.000000,40500,no
128,SELL,0.214661,21:07:23.334650171,no,-,-,-,-,0.100000,10.000000,0.788492,2,1,822,2778,11.250000,0.000000,40500,no
129,SELL,0.789516,21:07:23.334650171,no,-,-,-,-,0.100000,10.000000,0.788492,2,1,825,2775,11.250000,0.000000,40500,no
130,SELL,0.279848,21:07:23.334650171,no,-,-,-,-,0.100000,10.000000,0.788492,2,1,829,2771,11.250000,0.000000,40500,no
131,SELL,0.339734,21:07:23.334650171,no,-,-,-,-,0.100000,10.000000,0.788492,2,1,832,2768,11.250000,0.000000,40500,no
132,SELL,-0.287388,21:07:23.334650171,no,-,-,-,-,0.100000,10.000000,0.788492,2,1,835,2765,11.250000,0.000000,40500,no
133,SELL,-0.713770,21:07:23.334650171,no,-,-,-,-,0.100000,10.000000,0.788492,2,1,838,2762,11.250000,0.000000,40500,no
134,SELL,-1.073728,21:07:23.334650171,no,-,-,-,-,0.100000,10.000000,0.788492,2,1,841,2759,11.250000,0.000000,40500,no
135,SELL,-0.567927,21:07:23.334650171,no,-,-,-,-,0.100000,10.000000,0.788492,2,1,844,2756,11.250000,0.000000,40500,no
136,SELL,-0.004500,21:07:23.334650171,no,-,-,-,-,0.100000,10.000000,0.788492,2,1,848,2752,11.250000,0.000000,40500,no
137,SELL,-0.193181,21:07:23.334650171,no,-,-,-,-,0.100000,10.000000,0.788492,2,1,851,2749,11.250000,0.000000,40500,no
138,SELL,-0.661863,21:07:23.334650171,no,-,-,-,-,0.100000,10.000000,0.788492,2,1,855,2745,11.250000,0.000000,40500,no
139,SELL,-0.031409,21:07:23.334650171,no,-,-,-,-,0.100000,10.000000,0.788492,2,1,858,2742,11.250000,0.000000,40500,no
140,SELL,-0.636821,21:07:23.334650171,no,-,-,-,-,0.100000,10.000000,0.788492,2,1,861,2739,11.250000,0.000000,40500,no
141,SELL,-0.364668,21:07:23.334650171,no,-,-,-,-,0.100000,10.000000,0.788492,2,1,863,2737,11.250000,0.000000,40500,no
142,SELL,-0.943586,21:07:23.334650171,no,-,-,-,-,0.100000,10.000000,0.788492,2,1,867,2733,11.250000,0.000000,40500,no
143,SELL,-0.729865,21:07:23.334650171,no,-,-,-,-,0.100000,10.000000,0.788492,2,1,871,2729,11.250000,0.000000,40500,no
144,SELL,-0.932067,21:07:23.334650171,no,-,-,-,-,0.100000,10.000000,0.788492,2,1,876,2724,11.250000,0.000000,40500,no
145,SELL,-1.442408,21:07:23.334650171,no,-,-,-,-,0.100000,10.000000,0.788492,2,1,878,2722,11.250000,0.000000,40500,no
146,SELL,-1.521162,21:07:23.334650171,no,-,-,-,-,0.100000,10.000000,0.788492,2,1,882,2718,11.250000,0.000000,40500,no
147,SELL,-1.344082,21:07:23.334650171,no,-,-,-,-,0.100000,10.000000,0.788492,2,1,885,2715,11.250000,0.000000,40500,no
148,SELL,-1.236706,21:07:23.334650171,no,-,-,-,-,0.100000,10.000000,0.788492,2,1,888,2712,11.250000,0.000000,40500,no
149,SELL,-1.349479,21:07:23.334650171,no,-,-,-,-,0.100000,10.000000,0.788492,2,1,893,2707,11.250000,0.000000,40500,no
150,SELL,-0.728878,21:07:23.334650171,no,-,-,-,-,0.100000,10.000000,0.788492,2,1,896,2704,11.250000,0.000000,40500,no
151,SELL,-1.788695,21:07:23.334650171,no,-,-,-,-,0.100000,10.000000,0.788492,2,1,898,2702,11.250000,0.000000,40500,no
152,SELL,-1.328143,21:07:23.334650171,no,-,-,-,-,0.100000,10.000000,0.788492,2,1,902,2698,11.250000,0.000000,40500,no
153,SELL,-2.041248,21:07:23.334650171,no,-,-,-,-,0.100000,10.000000,0.788492,2,1,905,2695,11.250000,0.000000,40500,no
154,SELL,-2.073266,21:07:23.334650171,no,-,-,-,-,0.100000,10.000000,0.788492,2,1,908,2692,11.250000,0.000000,40500,no
155,SELL,-0.896474,21:07:23.334650171,no,-,-,-,-,0.100000,10.000000,0.788492,2,1,910,2690,11.250000,0.000000,40500,no
156,SELL,-0.240589,21:07:23.334650171,no,-,-,-,-,0.100000,10.000000,0.788492,2,1,1190,2410,11.250000,0.000000,40500,no
157,SELL,-0.285773,21:07:23.334650171,no,-,-,-,-,0.100000,10.000000,0.788492,2,1,1194,2406,11.250000,0.000000,40500,no
158,SELL,0.557950,21:07:23.334650171,no,-,-,-,-,0.100000,10.000000,0.788492,2,1,1198,2402,11.250000,0.000000,40500,no
159,SELL,0.360963,21:07:23.334650171,no,-,-,-,-,0.100000,10.000000,0.788492,2,1,1202,2398,11.250000,0.000000,40500,no
160,SELL,2.404766,21:07:23.334650171,no,-,-,-,-,0.100000,10.000000,0.788492,2,1,1206,2394,11.250000,0.000000,40500,no
161,SELL,2.036155,21:07:23.334650171,no,-,-,-,-,0.100000,10.000000,0.788492,2,1,1214,2386,11.250000,0.000000,40500,no
162,SELL,0.715208,21:07:23.334650171,no,-,-,-,-,0.100000,10.000000,0.788492,2,1,1219,2381,11.250000,0.000000,40500,no
163,SELL,1.594618,21:07:23.334650171,no,-,-,-,-,0.100000,10.000000,0.788492,2,1,1226,2374,11.250000,0.000000,40500,no
164,SELL,1.063990,21:07:23.334650171,no,-,-,-,-,0.100000,10.000000,0.788492,2,1,1231,2369,11.250000,0.000000,40500,no
165,SELL,0.120103,21:07:23.334650171,no,-,-,-,-,0.100000,10.000000,0.788492,2,1,1234,2366,11.250000,0.000000,40500,no
166,SELL,1.636582,21:07:23.334650171,no,-,-,-,-,0.100000,10.000000,0.788492,2,1,1238,2362,11.250000,0.000000,40500,no
167,SELL,1.754738,21:07:23.334650171,no,-,-,-,-,0.100000,10.000000,0.788492,2,1,1242,2358,11.250000,0.000000,40500,no
168,SELL,1.439990,21:07:23.334650171,no,-,-,-,-,0.100000,10.000000,0.788492,2,1,1248,2352,11.250000,0.000000,40500,no
169,SELL,0.350314,21:07:23.334650171,no,-,-,-,-,0.100000,10.000000,0.788492,2,1,1252,2348,11.250000,0.000000,40500,no
170,SELL,0.921428,21:07:23.334650171,no,-,-,-,-,0.100000,10.000000,0.788492,2,1,1255,2345,11.250000,0.000000,40500,no
171,SELL,0.622154,21:07:23.334650171,no,-,-,-,-,0.100000,10.000000,0.788492,2,1,1259,2341,11.250000,0.000000,40500,no
172,SELL,0.387343,21:07:23.334650171,no,-,-,-,-,0.100000,10.000000,0.788492,2,1,1264,2336,11.250000,0.000000,40500,no
173,SELL,-0.228279,21:07:23.334650171,no,-,-,-,-,0.100000,10.000000,0.788492,2,1,1268,2332,11.250000,0.000000,40500,no
174,SELL,0.414019,21:07:23.334650171,no,-,-,-,-,0.100000,10.000000,0.788492,2,1,1272,2328,11.250000,0.000000,40500,no
175,SELL,0.637376,21:07:23.334650171,no,-,-,-,-,0.100000,10.000000,0.788492,2,1,1275,2325,11.250000,0.000000,40500,no
176,SELL,0.410734,21:07:23.334650171,no,-,-,-,-,0.100000,10.000000,0.788492,2,1,1279,2321,11.250000,0.000000,40500,no
177,SELL,0.277349,21:07:23.334650171,no,-,-,-,-,0.100000,10.000000,0.788492,2,1,1283,2317,11.250000,0.000000,40500,no
178,SELL,-0.439468,21:07:23.334650171,no,-,-,-,-,0.100000,10.000000,0.788492,2,1,1287,2313,11.250000,0.000000,40500,no
179,SELL,-0.173769,21:07:23.334650171,no,-,-,-,-,0.100000,10.000000,0.788492,2,1,1292,2308,11.250000,0.000000,40500,no
180,SELL,-0.050245,21:07:23.334650171,no,-,-,-,-,0.100000,10.000000,0.788492,2,1,1297,2303,11.250000,0.000000,40500,no
181,SELL,0.382344,21:07:23.334650171,no,-,-,-,-,0.100000,10.000000,0.788492,2,1,1300,2300,11.250000,0.000000,40500,no
182,SELL,0.210765,21:07:23.334650171,no,-,-,-,-,0.100000,10.000000,0.788492,2,1,1304,2296,11.250000,0.000000,40500,no
183,SELL,-0.102167,21:07:23.334650171,no,-,-,-,-,0.100000,10.000000,0.788492,2,1,1309,2291,11.250000,0.000000,40500,no
184,SELL,-0.204762,21:07:23.334650171,no,-,-,-,-,0.100000,10.000000,0.788492,2,1,1313,2287,11.250000,0.000000,40500,no
185,SELL,-0.166197,21:07:23.334650171,no,-,-,-,-,0.100000,10.000000,0.788492,2,1,1316,2284,11.250000,0.000000,40500,no
186,SELL,0.047995,21:07:23.334650171,no,-,-,-,-,0.100000,10.000000,0.788492,2,1,1320,2280,11.250000,0.000000,40500,no
187,SELL,0.409677,21:07:23.334650171,no,-,-,-,-,0.100000,10.000000,0.788492,2,1,1326,2274,11.250000,0.000000,40500,no
188,SELL,0.436104,21:07:23.334650171,no,-,-,-,-,0.100000,10.000000,0.788492,2,1,1330,2270,11.250000,0.000000,40500,no
189,SELL,0.064678,21:07:23.334650171,no,-,-,-,-,0.100000,10.000000,0.788492,2,1,1335,2265,11.250000,0.000000,40500,no
190,SELL,0.009571,21:07:23.334650171,no,-,-,-,-,0.100000,10.000000,0.788492,2,1,1338,2262,11.250000,0.000000,40500,no
191,SELL,-0.319145,21:07:23.334650171,no,-,-,-,-,0.100000,10.000000,0.788492,2,1,1342,2258,11.250000,0.000000,40500,no
192,SELL,-0.832482,21:07:23.334650171,no,-,-,-,-,0.100000,10.000000,0.788492,2,1,1348,2252,11.250000,0.000000,40500,no
193,SELL,-1.061847,21:07:23.334650171,no,-,-,-,-,0.100000,10.000000,0.788492,2,1,1352,2248,11.250000,0.000000,40500,no
194,SELL,-1.211906,21:07:23.334650171,no,-,-,-,-,0.100000,10.000000,0.788492,2,1,1355,2245,11.250000,0.000000,40500,no
195,SELL,-1.177198,21:07:23.334650171,no,-,-,-,-,0.100000,10.000000,0.788492,2,1,1358,2242,11.250000,0.000000,40500,no
196,SELL,-0.519605,21:07:23.334650171,no,-,-,-,-,0.100000,10.000000,0.788492,2,1,1361,2239,11.250000,0.000000,40500,no
197,SELL,-0.442819,21:07:23.334650171,no,-,-,-,-,0.100000,10.000000,0.788492,2,1,1365,2235,11.250000,0.000000,40500,no
198,SELL,0.087926,21:07:23.334650171,no,-,-,-,-,0.100000,10.000000,0.788492,2,1,1369,2231,11.250000,0.000000,40500,no
199,SELL,-0.298733,21:07:23.334650171,no,-,-,-,-,0.100000,10.000000,0.788492,2,1,1375,2225,11.250000,0.000000,40500,no
200,SELL,-0.817287,21:07:23.334650171,no,-,-,-,-,0.100000,10.000000,0.788492,2,1,1386,2214,11.250000,0.000000,40500,no
201,SELL,-0.625180,21:07:23.334650171,no,-,-,-,-,0.100000,10.000000,0.788492,2,1,1491,2109,11.250000,0.000000,40500,no
202,SELL,-1.524898,21:07:23.334650171,no,-,-,-,-,0.100000,10.000000,0.788492,2,1,1495,2105,11.250000,0.000000,40500,no
203,SELL,-0.858199,21:07:23.334650171,no,-,-,-,-,0.100000,10.000000,0.788492,2,1,1560,2040,11.250000,0.000000,40500,no
204,SELL,-0.114473,21:07:23.334650171,no,-,-,-,-,0.100000,10.000000,0.788492,2,1,1562,2038,11.250000,0.000000,40500,no
205,SELL,-0.944546,21:07:23.334650171,no,-,-,-,-,0.100000,10.000000,0.788492,2,1,1565,2035,11.250000,0.000000,40500,no
206,SELL,-0.840390,21:07:23.334650171,no,-,-,-,-,0.100000,10.000000,0.788492,2,1,1568,2032,11.250000,0.000000,40500,no
207,SELL,-1.607644,21:07:23.334650171,no,-,-,-,-,0.100000,10.000000,0.788492,2,1,1572,2028,11.250000,0.000000,40500,no
208,SELL,-1.400350,21:07:23.334650171,no,-,-,-,-,0.100000,10.000000,0.788492,2,1,1577,2023,11.250000,0.000000,40500,no
209,SELL,-2.151841,21:07:23.334650171,no,-,-,-,-,0.100000,10.000000,0.788492,2,1,1580,2020,11.250000,0.000000,40500,no
210,SELL,-2.244514,21:07:23.334650171,no,-,-,-,-,0.100000,10.000000,0.788492,2,1,1584,2016,11.250000,0.000000,40500,no
211,SELL,-1.170245,21:07:23.334650171,no,-,-,-,-,0.100000,10.000000,0.788492,2,1,1588,2012,11.250000,0.000000,40500,no
212,SELL,-1.258335,21:07:23.334650171,no,-,-,-,-,0.100000,10.000000,0.788492,2,1,1593,2007,11.250000,0.000000,40500,no
213,SELL,-1.762538,21:07:23.334650171,no,-,-,-,-,0.100000,10.000000,0.788492,2,1,1612,1988,11.250000,0.000000,40500,no
214,SELL,-1.655641,21:07:23.334650171,no,-,-,-,-,0.100000,10.000000,0.788492,2,1,1617,1983,11.250000,0.000000,40500,no
215,SELL,-1.663032,21:07:23.334650171,no,-,-,-,-,0.100000,10.000000,0.788492,2,1,1620,1980,11.250000,0.000000,40500,no
216,SELL,-1.778152,21:07:23.334650171,no,-,-,-,-,0.100000,10.000000,0.788492,2,1,1624,1976,11.250000,0.000000,40500,no
217,SELL,-2.474997,21:07:23.334650171,no,-,-,-,-,0.100000,10.000000,0.788492,2,1,1626,1974,11.250000,0.000000,40500,no
218,SELL,-2.807509,21:07:23.334650171,no,-,-,-,-,0.100000,10.000000,0.788492,2,1,1635,1965,11.250000,0.000000,40500,no
219,SELL,-3.304897,21:07:23.334650171,no,-,-,-,-,0.100000,10.000000,0.788492,2,1,1653,1947,11.250000,0.000000,40500,no
220,SELL,-2.957331,21:07:23.334650171,no,-,-,-,-,0.100000,10.000000,0.788492,2,1,1657,1943,11.250000,0.000000,40500,no
221,SELL,-0.098616,21:07:23.334650171,no,-,-,-,-,0.100000,10.000000,0.788492,2,1,4927,-1327,11.250000,0.000000,40500,yes
222,SELL,-1.543197,21:07:23.334650171,no,-,-,-,-,0.100000,10.000000,0.788492,2,1,4930,-1330,11.250000,0.000000,40500,yes
223,SELL,1.255927,21:07:23.334650171,no,-,-,-,-,0.100000,10.000000,0.788492,2,1,4935,-1335,11.250000,0.000000,40500,yes
224,SELL,0.172389,21:07:23.334650171,no,-,-,-,-,0.100000,10.000000,0.788492,2,1,4938,-1338,11.250000,0.000000,40500,yes
225,SELL,0.691638,21:07:23.334650171,no,-,-,-,-,0.100000,10.000000,0.788492,2,1,4942,-1342,11.250000,0.000000,40500,yes
226,SELL,0.626314,21:07:23.334650171,no,-,-,-,-,0.100000,10.000000,0.788492,2,1,4946,-1346,11.250000,0.000000,40500,yes
227,SELL,0.891243,21:07:23.334650171,no,-,-,-,-,0.100000,10.000000,0.788492,2,1,4949,-1349,11.250000,0.000000,40500,yes
228,SELL,0.661826,21:07:23.334650171,no,-,-,-,-,0.100000,10.000000,0.788492,2,1,4954,-1354,11.250000,0.000000,40500,yes
229,SELL,2.536333,21:07:23.334650171,no,-,-,-,-,0.100000,10.000000,0.788492,2,1,4957,-1357,11.250000,0.000000,40500,yes
230,SELL,1.431650,21:07:23.334650171,no,-,-,-,-,0.100000,10.000000,0.788492,2,1,4960,-1360,11.250000,0.000000,40500,yes
231,SELL,2.602609,21:07:23.334650171,no,-,-,-,-,0.100000,10.000000,0.788492,2,1,4965,-1365,11.250000,0.000000,40500,yes
232,SELL,3.110904,21:07:23.334650171,no,-,-,-,-,0.100000,10.000000,0.788492,2,1,4968,-1368,11.250000,0.000000,40500,yes
233,SELL,2.918836,21:07:23.334650171,no,-,-,-,-,0.100000,10.000000,0.788492,2,1,4972,-1372,11.250000,0.000000,40500,yes
234,SELL,2.236107,21:07:23.334650171,no,-,-,-,-,0.100000,10.000000,0.788492,2,1,4977,-1377,11.250000,0.000000,40500,yes
235,SELL,1.883820,21:07:23.334650171,no,-,-,-,-,0.100000,10.000000,0.788492,2,1,4981,-1381,11.250000,0.000000,40500,yes
236,SELL,2.096485,21:07:23.334650171,no,-,-,-,-,0.100000,10.000000,0.788492,2,1,4985,-1385,11.250000,0.000000,40500,yes
237,SELL,1.773939,21:07:23.334650171,no,-,-,-,-,0.100000,10.000000,0.788492,2,1,4990,-1390,11.250000,0.000000,40500,yes
238,SELL,1.871025,21:07:23.334650171,no,-,-,-,-,0.100000,10.000000,0.788492,2,1,4994,-1394,11.250000,0.000000,40500,yes
239,SELL,1.472049,21:07:23.334650171,no,-,-,-,-,0.100000,10.000000,0.788492,2,1,4999,-1399,11.250000,0.000000,40500,yes
240,SELL,1.545362,21:07:23.334650171,no,-,-,-,-,0.100000,10.000000,0.788492,2,1,5004,-1404,11.250000,0.000000,40500,yes
241,SELL,1.267511,21:07:23.334650171,no,-,-,-,-,0.100000,10.000000,0.788492,2,1,5032,-1432,11.250000,0.000000,40500,yes
242,SELL,1.661750,21:07:23.334650171,no,-,-,-,-,0.100000,10.000000,0.788492,2,1,5035,-1435,11.250000,0.000000,40500,yes
243,SELL,1.665455,21:07:23.334650171,no,-,-,-,-,0.100000,10.000000,0.788492,2,1,5038,-1438,11.250000,0.000000,40500,yes
244,SELL,0.257448,21:07:23.334650171,no,-,-,-,-,0.100000,10.000000,0.788492,2,1,5041,-1441,11.250000,0.000000,40500,yes
245,SELL,0.588424,21:07:23.334650171,no,-,-,-,-,0.100000,10.000000,0.788492,2,1,5046,-1446,11.250000,0.000000,40500,yes
246,SELL,0.380451,21:07:23.334650171,no,-,-,-,-,0.100000,10.000000,0.788492,2,1,11325,-7725,11.250000,0.000000,40500,yes
247,SELL,0.097715,21:07:23.334650171,no,-,-,-,-,0.100000,10.000000,0.788492,2,1,11336,-7736,11.250000,0.000000,40500,yes
248,SELL,-0.964440,21:07:23.334650171,no,-,-,-,-,0.100000,10.000000,0.788492,2,1,11348,-7748,11.250000,0.000000,40500,yes
249,SELL,1.505641,21:07:23.334650171,no,-,-,-,-,0.100000,10.000000,0.788492,2,1,11357,-7757,11.250000,0.000000,40500,yes
250,SELL,2.722415,21:07:23.334650171,no,-,-,-,-,0.100000,10.000000,0.788492,2,1,11369,-7769,11.250000,0.000000,40500,yes
251,SELL,1.774515,21:07:23.334650171,no,-,-,-,-,0.100000,10.000000,0.788492,2,1,11379,-7779,11.250000,0.000000,40500,yes
252,SELL,2.604306,21:07:23.334650171,no,-,-,-,-,0.100000,10.000000,0.788492,2,1,11389,-7789,11.250000,0.000000,40500,yes
253,SELL,8.202225,21:07:23.334650171,no,-,-,-,-,0.100000,10.000000,0.788492,2,1,11400,-7800,11.250000,0.000000,40500,yes
254,SELL,2.458422,21:07:23.334650171,no,-,-,-,-,0.100000,10.000000,0.788492,2,1,11412,-7812,11.250000,0.000000,40500,yes
255,SELL,0.951146,21:07:23.334650171,no,-,-,-,-,0.100000,10.000000,0.788492,2,1,11421,-7821,11.250000,0.000000,40500,yes
256,SELL,-1.502533,21:07:23.334650171,no,-,-,-,-,0.100000,10.000000,0.788492,2,1,11432,-7832,11.250000,0.000000,40500,yes
257,SELL,1.507791,21:07:23.334650171,no,-,-,-,-,0.100000,10.000000,0.788492,2,1,11444,-7844,11.250000,0.000000,40500,yes
258,SELL,0.017439,21:07:23.334650171,no,-,-,-,-,0.100000,10.000000,0.788492,2,1,11454,-7854,11.250000,0.000000,40500,yes
259,SELL,1.805480,21:07:23.334650171,no,-,-,-,-,0.100000,10.000000,0.788492,2,1,11464,-7864,11.250000,0.000000,40500,yes
260,SELL,-2.901983,21:07:23.334650171,no,-,-,-,-,0.100000,10.000000,0.788492,2,1,11475,-7875,11.250000,0.000000,40500,yes
261,SELL,0.612659,21:07:23.334650171,no,-,-,-,-,0.100000,10.000000,0.788492,2,1,11486,-7886,11.250000,0.000000,40500,yes
262,SELL,5.256995,21:07:23.334650171,no,-,-,-,-,0.100000,10.000000,0.788492,2,1,11497,-7897,11.250000,0.000000,40500,yes
263,SELL,3.053817,21:07:23.334650171,no,-,-,-,-,0.100000,10.000000,0.788492,2,1,11508,-7908,11.250000,0.000000,40500,yes
264,SELL,3.512945,21:07:23.334650171,no,-,-,-,-,0.100000,10.000000,0.788492,2,1,11517,-7917,11.250000,0.000000,40500,yes
265,SELL,3.281734,21:07:23.334650171,no,-,-,-,-,0.100000,10.000000,0.788492,2,1,11531,-7931,11.250000,0.000000,40500,yes
266,SELL,6.688831,21:07:23.334650171,no,-,-,-,-,0.100000,10.000000,0.788492,2,1,11542,-7942,11.250000,0.000000,40500,yes
267,SELL,2.819088,21:07:23.334650171,no,-,-,-,-,0.100000,10.000000,0.788492,2,1,11552,-7952,11.250000,0.000000,40500,yes
268,SELL,0.728097,21:07:23.334650171,no,-,-,-,-,0.100000,10.000000,0.788492,2,1,11563,-7963,11.250000,0.000000,40500,yes
269,SELL,3.362684,21:07:23.334650171,no,-,-,-,-,0.100000,10.000000,0.788492,2,1,11574,-7974,11.250000,0.000000,40500,yes
270,SELL,2.677080,21:07:23.334650171,no,-,-,-,-,0.100000,10.000000,0.788492,2,1,11584,-7984,11.250000,0.000000,40500,yes
271,SELL,3.831926,21:07:23.334650171,no,-,-,-,-,0.100000,10.000000,0.788492,2,1,11595,-7995,11.250000,0.000000,40500,yes
272,SELL,1.236451,21:07:23.334650171,no,-,-,-,-,0.100000,10.000000,0.788492,2,1,11606,-8006,11.250000,0.000000,40500,yes
273,SELL,1.228429,21:07:23.334650171,no,-,-,-,-,0.100000,10.000000,0.788492,2,1,11617,-8017,11.250000,0.000000,40500,yes
274,SELL,2.381619,21:07:23.334650171,no,-,-,-,-,0.100000,10.000000,0.788492,2,1,11628,-8028,11.250000,0.000000,40500,yes
275,SELL,0.174460,21:07:23.334650171,no,-,-,-,-,0.100000,10.000000,0.788492,2,1,11639,-8039,11.250000,0.000000,40500,yes
276,SELL,2.384787,21:07:23.334650171,no,-,-,-,-,0.100000,10.000000,0.788492,2,1,11649,-8049,11.250000,0.000000,40500,yes
277,SELL,3.301302,21:07:23.334650171,no,-,-,-,-,0.100000,10.000000,0.788492,2,1,11659,-8059,11.250000,0.000000,40500,yes
278,SELL,6.642825,21:07:23.334650171,no,-,-,-,-,0.100000,10.000000,0.788492,2,1,11670,-8070,11.250000,0.000000,40500,yes
279,SELL,4.135917,21:07:23.334650171,no,-,-,-,-,0.100000,10.000000,0.788492,2,1,11681,-8081,11.250000,0.000000,40500,yes
280,SELL,5.528271,21:07:23.334650171,no,-,-,-,-,0.100000,10.000000,0.788492,2,1,11691,-8091,11.250000,0.000000,40500,yes
281,SELL,6.452802,21:07:23.334650171,no,-,-,-,-,0.100000,10.000000,0.788492,2,1,11702,-8102,11.250000,0.000000,40500,yes
282,SELL,8.410175,21:07:23.334650171,no,-,-,-,-,0.100000,10.000000,0.788492,2,1,11712,-8112,11.250000,0.000000,40500,yes
283,SELL,8.674002,21:07:23.334650171,no,-,-,-,-,0.100000,10.000000,0.788492,2,1,11723,-8123,11.250000,0.000000,40500,yes
284,SELL,8.890741,21:07:23.334650171,no,-,-,-,-,0.100000,10.000000,0.788492,2,1,11733,-8133,11.250000,0.000000,40500,yes
285,SELL,7.836684,21:07:23.334650171,no,-,-,-,-,0.100000,10.000000,0.788492,2,1,11744,-8144,11.250000,0.000000,40500,yes
286,SELL,10.566092,21:07:23.334650171,no,-,-,-,-,0.100000,10.000000,0.788492,2,1,11754,-8154,11.250000,0.000000,40500,yes
287,SELL,7.654700,21:07:23.334650171,no,-,-,-,-,0.100000,10.000000,0.788492,2,1,11765,-8165,11.250000,0.000000,40500,yes
288,SELL,9.648726,21:07:23.334650171,no,-,-,-,-,0.100000,10.000000,0.788492,2,1,11777,-8177,11.250000,0.000000,40500,yes
289,SELL,10.659191,21:07:23.334650171,no,-,-,-,-,0.100000,10.000000,0.788492,2,1,11786,-8186,11.250000,0.000000,40500,yes
290,SELL,10.953012,21:07:23.334650171,no,-,-,-,-,0.100000,10.000000,0.788492,2,1,11796,-8196,11.250000,0.000000,40500,yes
291,SELL,9.682434,21:07:23.334650171,no,-,-,-,-,0.100000,10.000000,0.788492,2,1,11808,-8208,11.250000,0.000000,40500,yes
292,SELL,7.959963,21:07:23.334650171,no,-,-,-,-,0.100000,10.000000,0.788492,2,1,11819,-8219,11.250000,0.000000,40500,yes
293,SELL,8.132108,21:07:23.334650171,no,-,-,-,-,0.100000,10.000000,0.788492,2,1,11829,-8229,11.250000,0.000000,40500,yes
294,SELL,6.626595,21:07:23.334650171,no,-,-,-,-,0.100000,10.000000,0.788492,2,1,11839,-8239,11.250000,0.000000,40500,yes
295,SELL,2.831032,21:07:23.334650171,no,-,-,-,-,0.100000,10.000000,0.788492,2,1,11849,-8249,11.250000,0.000000,40500,yes
296,SELL,3.944236,21:07:23.334650171,no,-,-,-,-,0.100000,10.000000,0.788492,2,1,11860,-8260,11.250000,0.000000,40500,yes
297,SELL,4.415832,21:07:23.334650171,no,-,-,-,-,0.100000,10.000000,0.788492,2,1,11871,-8271,11.250000,0.000000,40500,yes
298,SELL,4.189578,21:07:23.334650171,no,-,-,-,-,0.100000,10.000000,0.788492,2,1,11932,-8332,11.250000,0.000000,40500,yes
299,SELL,5.181372,21:07:23.334650171,no,-,-,-,-,0.100000,10.000000,0.788492,2,1,11938,-8338,11.250000,0.000000,40500,yes
300,SELL,5.592646,21:07:23.334650171,no,-,-,-,-,0.100000,10.000000,0.788492,2,1,11944,-8344,11.250000,0.000000,40500,yes
301,SELL,4.961864,21:07:23.334650171,no,-,-,-,-,0.100000,10.000000,0.788492,2,1,11954,-8354,11.250000,0.000000,40500,yes
302,SELL,2.682894,21:07:23.334650171,no,-,-,-,-,0.100000,10.000000,0.788492,2,1,11964,-8364,11.250000,0.000000,40500,yes
303,SELL,2.266851,21:07:23.334650171,no,-,-,-,-,0.100000,10.000000,0.788492,2,1,11975,-8375,11.250000,0.000000,40500,yes
304,SELL,7.042004,21:07:23.334650171,no,-,-,-,-,0.100000,10.000000,0.788492,2,1,11986,-8386,11.250000,0.000000,40500,yes
305,SELL,4.943577,21:07:23.334650171,no,-,-,-,-,0.100000,10.000000,0.788492,2,1,11996,-8396,11.250000,0.000000,40500,yes
306,SELL,8.170192,21:07:23.334650171,no,-,-,-,-,0.100000,10.000000,0.788492,2,1,12007,-8407,11.250000,0.000000,40500,yes
307,SELL,4.804942,21:07:23.334650171,no,-,-,-,-,0.100000,10.000000,0.788492,2,1,12018,-8418,11.250000,0.000000,40500,yes
308,SELL,4.793868,21:07:23.334650171,no,-,-,-,-,0.100000,10.000000,0.788492,2,1,12028,-8428,11.250000,0.000000,40500,yes
309,SELL,3.538046,21:07:23.334650171,no,-,-,-,-,0.100000,10.000000,0.788492,2,1,12038,-8438,11.250000,0.000000,40500,yes
310,SELL,6.324698,21:07:23.334650171,no,-,-,-,-,0.100000,10.000000,0.788492,2,1,12049,-8449,11.250000,0.000000,40500,yes
311,SELL,0.554070,21:07:23.334650171,no,-,-,-,-,0.100000,10.000000,0.788492,2,1,18250,-14650,11.250000,0.000000,40500,yes
312,SELL,3.346890,21:07:23.334650171,no,-,-,-,-,0.100000,10.000000,0.788492,2,1,18254,-14654,11.250000,0.000000,40500,yes
