轮数,方向,预测值,算法开始时间,是否下单,下单价格,档位,下单量,下单耗时(从预测到下单),r1,r2,std,freq,qty_scalar,经过时间,剩余时间,目标速度,实际速度,剩余量,是否为最后一轮
1,SELL,0.827140,21:07:23.335082020,no,-,-,-,-,0.909091,1.100000,0.822597,2,1,332,3268,1.250000,0.000000,4500,no
2,SELL,0.174949,21:07:23.335082020,no,-,-,-,-,0.826446,1.210000,0.822597,2,1,336,3264,1.250000,0.000000,4500,no
3,SELL,0.341482,21:07:23.335082020,no,-,-,-,-,0.751315,1.331000,0.822597,2,1,339,3261,1.250000,0.000000,4500,no
4,SELL,0.705530,21:07:23.335082020,no,-,-,-,-,0.683013,1.464100,0.822597,2,1,343,3257,1.250000,0.000000,4500,no
5,SELL,0.166156,21:07:23.335082020,no,-,-,-,-,0.620921,1.610510,0.822597,2,1,347,3253,1.250000,0.000000,4500,no
6,SELL,0.277189,21:07:23.335082020,no,-,-,-,-,0.564474,1.771561,0.822597,2,1,351,3249,1.250000,0.000000,4500,no
7,SELL,-0.175736,21:07:23.335082020,no,-,-,-,-,0.513158,1.948717,0.822597,2,1,356,3244,1.250000,0.000000,4500,no
8,SELL,-0.338809,21:07:23.335082020,no,-,-,-,-,0.466507,2.143589,0.822597,2,1,360,3240,1.250000,0.000000,4500,no
9,SELL,-0.017828,21:07:23.335082020,no,-,-,-,-,0.424098,2.357948,0.822597,2,1,363,3237,1.250000,0.000000,4500,no
10,SELL,0.053099,21:07:23.335082020,no,-,-,-,-,0.385543,2.593742,0.822597,2,1,367,3233,1.250000,0.000000,4500,no
11,SELL,-0.005781,21:07:23.335082020,no,-,-,-,-,0.350494,2.853117,0.822597,2,1,370,3230,1.250000,0.000000,4500,no
12,SELL,-0.926789,21:07:23.335082020,no,-,-,-,-,0.318631,3.138428,0.822597,2,1,373,3227,1.250000,0.000000,4500,no
13,SELL,-2.180352,21:07:23.335082020,no,-,-,-,-,0.289664,3.452271,0.822597,2,1,377,3223,1.250000,0.000000,4500,no
14,SELL,-0.974005,21:07:23.335082020,no,-,-,-,-,0.263331,3.797498,0.822597,2,1,381,3219,1.250000,0.000000,4500,no
15,SELL,-0.622213,21:07:23.335082020,no,-,-,-,-,0.239392,4.177248,0.822597,2,1,383,3217,1.250000,0.000000,4500,no
16,SELL,-1.091997,21:07:23.335082020,no,-,-,-,-,0.217629,4.594973,0.822597,2,1,388,3212,1.250000,0.000000,4500,no
17,SELL,-0.529719,21:07:23.335082020,no,-,-,-,-,0.197845,5.054470,0.822597,2,1,392,3208,1.250000,0.000000,4500,no
18,SELL,-0.706765,21:07:23.335082020,no,-,-,-,-,0.179859,5.559917,0.822597,2,1,397,3203,1.250000,0.000000,4500,no
19,SELL,-0.350806,21:07:23.335082020,no,-,-,-,-,0.163508,6.115909,0.822597,2,1,399,3201,1.250000,0.000000,4500,no
20,SELL,-0.466357,21:07:23.335082020,no,-,-,-,-,0.148644,6.727500,0.822597,2,1,402,3198,1.250000,0.000000,4500,no
21,SELL,-0.287177,21:07:23.335082020,no,-,-,-,-,0.135131,7.400250,0.822597,2,1,407,3193,1.250000,0.000000,4500,no
22,SELL,1.878220,21:07:23.335082020,no,-,-,-,-,0.122846,8.140275,0.822597,2,1,410,3190,1.250000,0.000000,4500,no
23,SELL,0.636438,21:07:23.335082020,no,-,-,-,-,0.111678,8.954302,0.822597,2,1,412,3188,1.250000,0.000000,4500,no
24,SELL,0.076337,21:07:23.335082020,no,-,-,-,-,0.101526,9.849733,0.822597,2,1,417,3183,1.250000,0.000000,4500,no
25,SELL,0.118431,21:07:23.335082020,no,-,-,-,-,0.100000,10.000000,0.822597,2,1,422,3178,1.250000,0.000000,4500,no
26,SELL,-0.130305,21:07:23.335082020,no,-,-,-,-,0.100000,10.000000,0.822597,2,1,427,3173,1.250000,0.000000,4500,no
27,SELL,-0.070213,21:07:23.335082020,no,-,-,-,-,0.100000,10.000000,0.822597,2,1,432,3168,1.250000,0.000000,4500,no
28,SELL,-0.141549,21:07:23.335082020,no,-,-,-,-,0.100000,10.000000,0.822597,2,1,438,3162,1.250000,0.000000,4500,no
29,SELL,-0.273175,21:07:23.335082020,no,-,-,-,-,0.100000,10.000000,0.822597,2,1,442,3158,1.250000,0.000000,4500,no
30,SELL,0.027681,21:07:23.335082020,no,-,-,-,-,0.100000,10.000000,0.822597,2,1,445,3155,1.250000,0.000000,4500,no
31,SELL,-0.313117,21:07:23.335082020,no,-,-,-,-,0.100000,10.000000,0.822597,2,1,448,3152,1.250000,0.000000,4500,no
32,SELL,-0.908773,21:07:23.335082020,no,-,-,-,-,0.100000,10.000000,0.822597,2,1,452,3148,1.250000,0.000000,4500,no
33,SELL,-0.459472,21:07:23.335082020,no,-,-,-,-,0.100000,10.000000,0.822597,2,1,457,3143,1.250000,0.000000,4500,no
34,SELL,-0.481216,21:07:23.335082020,no,-,-,-,-,0.100000,10.000000,0.822597,2,1,461,3139,1.250000,0.000000,4500,no
35,SELL,-0.251443,21:07:23.335082020,no,-,-,-,-,0.100000,10.000000,0.822597,2,1,464,3136,1.250000,0.000000,4500,no
36,SELL,-0.369128,21:07:23.335082020,no,-,-,-,-,0.100000,10.000000,0.822597,2,1,467,3133,1.250000,0.000000,4500,no
37,SELL,-0.408045,21:07:23.335082020,no,-,-,-,-,0.100000,10.000000,0.822597,2,1,471,3129,1.250000,0.000000,4500,no
38,SELL,-1.520998,21:07:23.335082020,no,-,-,-,-,0.100000,10.000000,0.822597,2,1,475,3125,1.250000,0.000000,4500,no
39,SELL,-0.370163,21:07:23.335082020,no,-,-,-,-,0.100000,10.000000,0.822597,2,1,480,3120,1.250000,0.000000,4500,no
40,SELL,-0.114884,21:07:23.335082020,no,-,-,-,-,0.100000,10.000000,0.822597,2,1,483,3117,1.250000,0.000000,4500,no
41,SELL,0.290759,21:07:23.335082020,no,-,-,-,-,0.100000,10.000000,0.822597,2,1,487,3113,1.250000,0.000000,4500,no
42,SELL,-0.070128,21:07:23.335082020,no,-,-,-,-,0.100000,10.000000,0.822597,2,1,490,3110,1.250000,0.000000,4500,no
43,SELL,-0.174111,21:07:23.335082020,no,-,-,-,-,0.100000,10.000000,0.822597,2,1,495,3105,1.250000,0.000000,4500,no
44,SELL,-0.414206,21:07:23.335082020,no,-,-,-,-,0.100000,10.000000,0.822597,2,1,501,3099,1.250000,0.000000,4500,no
45,SELL,-0.456264,21:07:23.335082020,no,-,-,-,-,0.100000,10.000000,0.822597,2,1,505,3095,1.250000,0.000000,4500,no
46,SELL,-0.309396,21:07:23.335082020,no,-,-,-,-,0.100000,10.000000,0.822597,2,1,509,3091,1.250000,0.000000,4500,no
47,SELL,-1.354792,21:07:23.335082020,no,-,-,-,-,0.100000,10.000000,0.822597,2,1,514,3086,1.250000,0.000000,4500,no
48,SELL,-0.828351,21:07:23.335082020,no,-,-,-,-,0.100000,10.000000,0.822597,2,1,518,3082,1.250000,0.000000,4500,no
49,SELL,-1.128422,21:07:23.335082020,no,-,-,-,-,0.100000,10.000000,0.822597,2,1,522,3078,1.250000,0.000000,4500,no
50,SELL,-0.526610,21:07:23.335082020,no,-,-,-,-,0.100000,10.000000,0.822597,2,1,528,3072,1.250000,0.000000,4500,no
51,SELL,-0.827065,21:07:23.335082020,no,-,-,-,-,0.100000,10.000000,0.822597,2,1,530,3070,1.250000,0.000000,4500,no
52,SELL,-0.846575,21:07:23.335082020,no,-,-,-,-,0.100000,10.000000,0.822597,2,1,535,3065,1.250000,0.000000,4500,no
53,SELL,-1.727365,21:07:23.335082020,no,-,-,-,-,0.100000,10.000000,0.822597,2,1,539,3061,1.250000,0.000000,4500,no
54,SELL,-1.475507,21:07:23.335082020,no,-,-,-,-,0.100000,10.000000,0.822597,2,1,546,3054,1.250000,0.000000,4500,no
55,SELL,-0.873657,21:07:23.335082020,no,-,-,-,-,0.100000,10.000000,0.822597,2,1,554,3046,1.250000,0.000000,4500,no
56,SELL,-0.705563,21:07:23.335082020,no,-,-,-,-,0.100000,10.000000,0.822597,2,1,557,3043,1.250000,0.000000,4500,no
57,SELL,-0.398031,21:07:23.335082020,no,-,-,-,-,0.100000,10.000000,0.822597,2,1,563,3037,1.250000,0.000000,4500,no
58,SELL,-0.736734,21:07:23.335082020,no,-,-,-,-,0.100000,10.000000,0.822597,2,1,568,3032,1.250000,0.000000,4500,no
59,SELL,-0.404411,21:07:23.335082020,no,-,-,-,-,0.100000,10.000000,0.822597,2,1,571,3029,1.250000,0.000000,4500,no
60,SELL,-0.066980,21:07:23.335082020,no,-,-,-,-,0.100000,10.000000,0.822597,2,1,576,3024,1.250000,0.000000,4500,no
61,SELL,-0.048555,21:07:23.335082020,no,-,-,-,-,0.100000,10.000000,0.822597,2,1,579,3021,1.250000,0.000000,4500,no
62,SELL,-0.185067,21:07:23.335082020,no,-,-,-,-,0.100000,10.000000,0.822597,2,1,583,3017,1.250000,0.000000,4500,no
63,SELL,0.426058,21:07:23.335082020,no,-,-,-,-,0.100000,10.000000,0.822597,2,1,587,3013,1.250000,0.000000,4500,no
64,SELL,0.665128,21:07:23.335082020,no,-,-,-,-,0.100000,10.000000,0.822597,2,1,592,3008,1.250000,0.000000,4500,no
65,SELL,0.539038,21:07:23.335082020,no,-,-,-,-,0.100000,10.000000,0.822597,2,1,595,3005,1.250000,0.000000,4500,no
66,SELL,-0.098523,21:07:23.335082020,no,-,-,-,-,0.100000,10.000000,0.822597,2,1,600,3000,1.250000,0.000000,4500,no
67,SELL,0.044895,21:07:23.335082020,no,-,-,-,-,0.100000,10.000000,0.822597,2,1,604,2996,1.250000,0.000000,4500,no
68,SELL,0.072462,21:07:23.335082020,no,-,-,-,-,0.100000,10.000000,0.822597,2,1,608,2992,1.250000,0.000000,4500,no
69,SELL,0.090867,21:07:23.335082020,no,-,-,-,-,0.100000,10.000000,0.822597,2,1,611,2989,1.250000,0.000000,4500,no
70,SELL,-0.020022,21:07:23.335082020,no,-,-,-,-,0.100000,10.000000,0.822597,2,1,615,2985,1.250000,0.000000,4500,no
71,SELL,-0.276646,21:07:23.335082020,no,-,-,-,-,0.100000,10.000000,0.822597,2,1,618,2982,1.250000,0.000000,4500,no
72,SELL,0.299442,21:07:23.335082020,no,-,-,-,-,0.100000,10.000000,0.822597,2,1,621,2979,1.250000,0.000000,4500,no
73,SELL,0.365254,21:07:23.335082020,no,-,-,-,-,0.100000,10.000000,0.822597,2,1,625,2975,1.250000,0.000000,4500,no
74,SELL,0.243766,21:07:23.335082020,no,-,-,-,-,0.100000,10.000000,0.822597,2,1,630,2970,1.250000,0.000000,4500,no
75,SELL,0.792818,21:07:23.335082020,no,-,-,-,-,0.100000,10.000000,0.822597,2,1,634,2966,1.250000,0.000000,4500,no
76,SELL,1.047986,21:07:23.335082020,no,-,-,-,-,0.100000,10.000000,0.822597,2,1,637,2963,1.250000,0.000000,4500,no
77,SELL,0.674297,21:07:23.335082020,no,-,-,-,-,0.100000,10.000000,0.822597,2,1,640,2960,1.250000,0.000000,4500,no
78,SELL,1.105679,21:07:23.335082020,no,-,-,-,-,0.100000,10.000000,0.822597,2,1,642,2958,1.250000,0.000000,4500,no
79,SELL,0.705849,21:07:23.335082020,no,-,-,-,-,0.100000,10.000000,0.822597,2,1,645,2955,1.250000,0.000000,4500,no
80,SELL,1.756485,21:07:23.335082020,no,-,-,-,-,0.100000,10.000000,0.822597,2,1,648,2952,1.250000,0.000000,4500,no
81,SELL,1.359558,21:07:23.335082020,no,-,-,-,-,0.100000,10.000000,0.822597,2,1,651,2949,1.250000,0.000000,4500,no
82,SELL,1.603658,21:07:23.335082020,no,-,-,-,-,0.100000,10.000000,0.822597,2,1,655,2945,1.250000,0.000000,4500,no
83,SELL,1.439967,21:07:23.335082020,no,-,-,-,-,0.100000,10.000000,0.822597,2,1,659,2941,1.250000,0.000000,4500,no
84,SELL,1.474595,21:07:23.335082020,no,-,-,-,-,0.100000,10.000000,0.822597,2,1,663,2937,1.250000,0.000000,4500,no
85,SELL,1.198335,21:07:23.335082020,no,-,-,-,-,0.100000,10.000000,0.822597,2,1,668,2932,1.250000,0.000000,4500,no
86,SELL,0.924968,21:07:23.335082020,no,-,-,-,-,0.100000,10.000000,0.822597,2,1,670,2930,1.250000,0.000000,4500,no
87,SELL,0.969157,21:07:23.335082020,no,-,-,-,-,0.100000,10.000000,0.822597,2,1,673,2927,1.250000,0.000000,4500,no
88,SELL,0.981964,21:07:23.335082020,no,-,-,-,-,0.100000,10.000000,0.822597,2,1,677,2923,1.250000,0.000000,4500,no
89,SELL,0.234024,21:07:23.335082020,no,-,-,-,-,0.100000,10.000000,0.822597,2,1,680,2920,1.250000,0.000000,4500,no
90,SELL,0.767343,21:07:23.335082020,no,-,-,-,-,0.100000,10.000000,0.822597,2,1,684,2916,1.250000,0.000000,4500,no
91,SELL,0.449777,21:07:23.335082020,no,-,-,-,-,0.100000,10.000000,0.822597,2,1,687,2913,1.250000,0.000000,4500,no
92,SELL,1.195880,21:07:23.335082020,no,-,-,-,-,0.100000,10.000000,0.822597,2,1,690,2910,1.250000,0.000000,4500,no
93,SELL,-0.219070,21:07:23.335082020,no,-,-,-,-,0.100000,10.000000,0.822597,2,1,694,2906,1.250000,0.000000,4500,no
94,SELL,0.047594,21:07:23.335082020,no,-,-,-,-,0.100000,10.000000,0.822597,2,1,697,2903,1.250000,0.000000,4500,no
95,SELL,0.022581,21:07:23.335082020,no,-,-,-,-,0.100000,10.000000,0.822597,2,1,702,2898,1.250000,0.000000,4500,no
96,SELL,0.142572,21:07:23.335082020,no,-,-,-,-,0.100000,10.000000,0.822597,2,1,705,2895,1.250000,0.000000,4500,no
97,SELL,0.510851,21:07:23.335082020,no,-,-,-,-,0.100000,10.000000,0.822597,2,1,707,2893,1.250000,0.000000,4500,no
98,SELL,0.594534,21:07:23.335082020,no,-,-,-,-,0.100000,10.000000,0.822597,2,1,711,2889,1.250000,0.000000,4500,no
99,SELL,-0.012956,21:07:23.335082020,no,-,-,-,-,0.100000,10.000000,0.822597,2,1,714,2886,1.250000,0.000000,4500,no
100,SELL,0.130621,21:07:23.335082020,no,-,-,-,-,0.100000,10.000000,0.822597,2,1,716,2884,1.250000,0.000000,4500,no
101,SELL,0.555412,21:07:23.335082020,no,-,-,-,-,0.100000,10.000000,0.822597,2,1,719,2881,1.250000,0.000000,4500,no
102,SELL,0.502986,21:07:23.335082020,no,-,-,-,-,0.100000,10.000000,0.822597,2,1,723,2877,1.250000,0.000000,4500,no
103,SELL,-0.145052,21:07:23.335082020,no,-,-,-,-,0.100000,10.000000,0.822597,2,1,726,2874,1.250000,0.000000,4500,no
104,SELL,-0.052033,21:07:23.335082020,no,-,-,-,-,0.100000,10.000000,0.822597,2,1,730,2870,1.250000,0.000000,4500,no
105,SELL,0.315394,21:07:23.335082020,no,-,-,-,-,0.100000,10.000000,0.822597,2,1,734,2866,1.250000,0.000000,4500,no
106,SELL,0.506371,21:07:23.335082020,no,-,-,-,-,0.100000,10.000000,0.822597,2,1,739,2861,1.250000,0.000000,4500,no
107,SELL,-1.386420,21:07:23.335082020,no,-,-,-,-,0.100000,10.000000,0.822597,2,1,744,2856,1.250000,0.000000,4500,no
108,SELL,-0.620399,21:07:23.335082020,no,-,-,-,-,0.100000,10.000000,0.822597,2,1,750,2850,1.250000,0.000000,4500,no
109,SELL,-0.969075,21:07:23.335082020,no,-,-,-,-,0.100000,10.000000,0.822597,2,1,756,2844,1.250000,0.000000,4500,no
110,SELL,-0.799366,21:07:23.335082020,no,-,-,-,-,0.100000,10.000000,0.822597,2,1,759,2841,1.250000,0.000000,4500,no
111,SELL,-0.784018,21:07:23.335082020,no,-,-,-,-,0.100000,10.000000,0.822597,2,1,764,2836,1.250000,0.000000,4500,no
112,SELL,0.138115,21:07:23.335082020,no,-,-,-,-,0.100000,10.000000,0.822597,2,1,767,2833,1.250000,0.000000,4500,no
113,SELL,-0.233175,21:07:23.335082020,no,-,-,-,-,0.100000,10.000000,0.822597,2,1,771,2829,1.250000,0.000000,4500,no
114,SELL,-0.794436,21:07:23.335082020,no,-,-,-,-,0.100000,10.000000,0.822597,2,1,774,2826,1.250000,0.000000,4500,no
115,SELL,-0.309851,21:07:23.335082020,no,-,-,-,-,0.100000,10.000000,0.822597,2,1,777,2823,1.250000,0.000000,4500,no
116,SELL,-0.302338,21:07:23.335082020,no,-,-,-,-,0.100000,10.000000,0.822597,2,1,782,2818,1.250000,0.000000,4500,no
117,SELL,0.027490,21:07:23.335082020,no,-,-,-,-,0.100000,10.000000,0.822597,2,1,785,2815,1.250000,0.000000,4500,no
118,SELL,-0.260059,21:07:23.335082020,no,-,-,-,-,0.100000,10.000000,0.822597,2,1,787,2813,1.250000,0.000000,4500,no
119,SELL,0.355235,21:07:23.335082020,no,-,-,-,-,0.100000,10.000000,0.822597,2,1,790,2810,1.250000,0.000000,4500,no
120,SELL,0.378966,21:07:23.335082020,no,-,-,-,-,0.100000,10.000000,0.822597,2,1,793,2807,1.250000,0.000000,4500,no
121,SELL,-0.547872,21:07:23.335082020,no,-,-,-,-,0.100000,10.000000,0.822597,2,1,796,2804,1.250000,0.000000,4500,no
122,SELL,-0.058553,21:07:23.335082020,no,-,-,-,-,0.100000,10.000000,0.822597,2,1,799,2801,1.250000,0.000000,4500,no
123,SELL,0.046243,21:07:23.335082020,no,-,-,-,-,0.100000,10.000000,0.822597,2,1,803,2797,1.250000,0.000000,4500,no
124,SELL,-0.177073,21:07:23.335082020,no,-,-,-,-,0.100000,10.000000,0.822597,2,1,808,2792,1.250000,0.000000,4500,no
125,SELL,-0.017496,21:07:23.335082020,no,-,-,-,-,0.100000,10.000000,0.822597,2,1,810,2790,1.250000,0.000000,4500,no
126,SELL,-0.018144,21:07:23.335082020,no,-,-,-,-,0.100000,10.000000,0.822597,2,1,814,2786,1.250000,0.000000,4500,no
127,SELL,0.284741,21:07:23.335082020,no,-,-,-,-,0.100000,10.000000,0.822597,2,1,819,2781,1.250000,0.000000,4500,no
128,SELL,0.418275,21:07:23.335082020,no,-,-,-,-,0.100000,10.000000,0.822597,2,1,822,2778,1.250000,0.000000,4500,no
129,SELL,0.352660,21:07:23.335082020,no,-,-,-,-,0.100000,10.000000,0.822597,2,1,825,2775,1.250000,0.000000,4500,no
130,SELL,0.292042,21:07:23.335082020,no,-,-,-,-,0.100000,10.000000,0.822597,2,1,829,2771,1.250000,0.000000,4500,no
131,SELL,0.163788,21:07:23.335082020,no,-,-,-,-,0.100000,10.000000,0.822597,2,1,832,2768,1.250000,0.000000,4500,no
132,SELL,-0.108439,21:07:23.335082020,no,-,-,-,-,0.100000,10.000000,0.822597,2,1,835,2765,1.250000,0.000000,4500,no
133,SELL,-0.823256,21:07:23.335082020,no,-,-,-,-,0.100000,10.000000,0.822597,2,1,838,2762,1.250000,0.000000,4500,no
134,SELL,-0.806692,21:07:23.335082020,no,-,-,-,-,0.100000,10.000000,0.822597,2,1,841,2759,1.250000,0.000000,4500,no
135,SELL,-0.142841,21:07:23.335082020,no,-,-,-,-,0.100000,10.000000,0.822597,2,1,844,2756,1.250000,0.000000,4500,no
136,SELL,-0.204263,21:07:23.335082020,no,-,-,-,-,0.100000,10.000000,0.822597,2,1,848,2752,1.250000,0.000000,4500,no
137,SELL,0.057865,21:07:23.335082020,no,-,-,-,-,0.100000,10.000000,0.822597,2,1,851,2749,1.250000,0.000000,4500,no
138,SELL,-0.044396,21:07:23.335082020,no,-,-,-,-,0.100000,10.000000,0.822597,2,1,855,2745,1.250000,0.000000,4500,no
139,SELL,0.355589,21:07:23.335082020,no,-,-,-,-,0.100000,10.000000,0.822597,2,1,858,2742,1.250000,0.000000,4500,no
140,SELL,0.305936,21:07:23.335082020,no,-,-,-,-,0.100000,10.000000,0.822597,2,1,861,2739,1.250000,0.000000,4500,no
141,SELL,0.405051,21:07:23.335082020,no,-,-,-,-,0.100000,10.000000,0.822597,2,1,863,2737,1.250000,0.000000,4500,no
142,SELL,0.867864,21:07:23.335082020,no,-,-,-,-,0.100000,10.000000,0.822597,2,1,867,2733,1.250000,0.000000,4500,no
143,SELL,0.610908,21:07:23.335082020,no,-,-,-,-,0.100000,10.000000,0.822597,2,1,871,2729,1.250000,0.000000,4500,no
144,SELL,0.648469,21:07:23.335082020,no,-,-,-,-,0.100000,10.000000,0.822597,2,1,876,2724,1.250000,0.000000,4500,no
145,SELL,0.444677,21:07:23.335082020,no,-,-,-,-,0.100000,10.000000,0.822597,2,1,878,2722,1.250000,0.000000,4500,no
146,SELL,0.596473,21:07:23.335082020,no,-,-,-,-,0.100000,10.000000,0.822597,2,1,882,2718,1.250000,0.000000,4500,no
147,SELL,0.197176,21:07:23.335082020,no,-,-,-,-,0.100000,10.000000,0.822597,2,1,885,2715,1.250000,0.000000,4500,no
148,SELL,0.193850,21:07:23.335082020,no,-,-,-,-,0.100000,10.000000,0.822597,2,1,888,2712,1.250000,0.000000,4500,no
149,SELL,0.383426,21:07:23.335082020,no,-,-,-,-,0.100000,10.000000,0.822597,2,1,893,2707,1.250000,0.000000,4500,no
150,SELL,0.563074,21:07:23.335082020,no,-,-,-,-,0.100000,10.000000,0.822597,2,1,896,2704,1.250000,0.000000,4500,no
151,SELL,0.511503,21:07:23.335082020,no,-,-,-,-,0.100000,10.000000,0.822597,2,1,898,2702,1.250000,0.000000,4500,no
152,SELL,0.820103,21:07:23.335082020,no,-,-,-,-,0.100000,10.000000,0.822597,2,1,902,2698,1.250000,0.000000,4500,no
153,SELL,0.457009,21:07:23.335082020,no,-,-,-,-,0.100000,10.000000,0.822597,2,1,905,2695,1.250000,0.000000,4500,no
154,SELL,0.246311,21:07:23.335082020,no,-,-,-,-,0.100000,10.000000,0.822597,2,1,908,2692,1.250000,0.000000,4500,no
155,SELL,0.420048,21:07:23.335082020,no,-,-,-,-,0.100000,10.000000,0.822597,2,1,910,2690,1.250000,0.000000,4500,no
156,SELL,-0.695921,21:07:23.335082020,no,-,-,-,-,0.100000,10.000000,0.822597,2,1,1190,2410,1.250000,0.000000,4500,no
157,SELL,-0.490542,21:07:23.335082020,no,-,-,-,-,0.100000,10.000000,0.822597,2,1,1194,2406,1.250000,0.000000,4500,no
158,SELL,-0.320081,21:07:23.335082020,no,-,-,-,-,0.100000,10.000000,0.822597,2,1,1198,2402,1.250000,0.000000,4500,no
159,SELL,-0.456254,21:07:23.335082020,no,-,-,-,-,0.100000,10.000000,0.822597,2,1,1202,2398,1.250000,0.000000,4500,no
160,SELL,-0.504383,21:07:23.335082020,no,-,-,-,-,0.100000,10.000000,0.822597,2,1,1206,2394,1.250000,0.000000,4500,no
161,SELL,-0.798624,21:07:23.335082020,no,-,-,-,-,0.100000,10.000000,0.822597,2,1,1214,2386,1.250000,0.000000,4500,no
162,SELL,-1.321808,21:07:23.335082020,no,-,-,-,-,0.100000,10.000000,0.822597,2,1,1220,2380,1.250000,0.000000,4500,no
163,SELL,-0.910297,21:07:23.335082020,no,-,-,-,-,0.100000,10.000000,0.822597,2,1,1226,2374,1.250000,0.000000,4500,no
164,SELL,-0.621920,21:07:23.335082020,no,-,-,-,-,0.100000,10.000000,0.822597,2,1,1231,2369,1.250000,0.000000,4500,no
165,SELL,-0.651012,21:07:23.335082020,no,-,-,-,-,0.100000,10.000000,0.822597,2,1,1234,2366,1.250000,0.000000,4500,no
166,SELL,-0.636021,21:07:23.335082020,no,-,-,-,-,0.100000,10.000000,0.822597,2,1,1238,2362,1.250000,0.000000,4500,no
167,SELL,-0.849361,21:07:23.335082020,no,-,-,-,-,0.100000,10.000000,0.822597,2,1,1242,2358,1.250000,0.000000,4500,no
168,SELL,-1.207000,21:07:23.335082020,no,-,-,-,-,0.100000,10.000000,0.822597,2,1,1248,2352,1.250000,0.000000,4500,no
169,SELL,-1.025558,21:07:23.335082020,no,-,-,-,-,0.100000,10.000000,0.822597,2,1,1252,2348,1.250000,0.000000,4500,no
170,SELL,-1.239971,21:07:23.335082020,no,-,-,-,-,0.100000,10.000000,0.822597,2,1,1255,2345,1.250000,0.000000,4500,no
171,SELL,-1.083228,21:07:23.335082020,no,-,-,-,-,0.100000,10.000000,0.822597,2,1,1259,2341,1.250000,0.000000,4500,no
172,SELL,-0.473178,21:07:23.335082020,no,-,-,-,-,0.100000,10.000000,0.822597,2,1,1264,2336,1.250000,0.000000,4500,no
173,SELL,-0.891624,21:07:23.335082020,no,-,-,-,-,0.100000,10.000000,0.822597,2,1,1269,2331,1.250000,0.000000,4500,no
174,SELL,-0.702532,21:07:23.335082020,no,-,-,-,-,0.100000,10.000000,0.822597,2,1,1272,2328,1.250000,0.000000,4500,no
175,SELL,-0.610895,21:07:23.335082020,no,-,-,-,-,0.100000,10.000000,0.822597,2,1,1275,2325,1.250000,0.000000,4500,no
176,SELL,-0.384860,21:07:23.335082020,no,-,-,-,-,0.100000,10.000000,0.822597,2,1,1279,2321,1.250000,0.000000,4500,no
177,SELL,-1.019645,21:07:23.335082020,no,-,-,-,-,0.100000,10.000000,0.822597,2,1,1283,2317,1.250000,0.000000,4500,no
178,SELL,-0.973048,21:07:23.335082020,no,-,-,-,-,0.100000,10.000000,0.822597,2,1,1287,2313,1.250000,0.000000,4500,no
179,SELL,-0.174966,21:07:23.335082020,no,-,-,-,-,0.100000,10.000000,0.822597,2,1,1292,2308,1.250000,0.000000,4500,no
180,SELL,-0.754776,21:07:23.335082020,no,-,-,-,-,0.100000,10.000000,0.822597,2,1,1297,2303,1.250000,0.000000,4500,no
181,SELL,-1.171326,21:07:23.335082020,no,-,-,-,-,0.100000,10.000000,0.822597,2,1,1300,2300,1.250000,0.000000,4500,no
182,SELL,-0.857914,21:07:23.335082020,no,-,-,-,-,0.100000,10.000000,0.822597,2,1,1304,2296,1.250000,0.000000,4500,no
183,SELL,-0.309799,21:07:23.335082020,no,-,-,-,-,0.100000,10.000000,0.822597,2,1,1309,2291,1.250000,0.000000,4500,no
184,SELL,-1.511455,21:07:23.335082020,no,-,-,-,-,0.100000,10.000000,0.822597,2,1,1313,2287,1.250000,0.000000,4500,no
185,SELL,-0.769279,21:07:23.335082020,no,-,-,-,-,0.100000,10.000000,0.822597,2,1,1316,2284,1.250000,0.000000,4500,no
186,SELL,-0.634132,21:07:23.335082020,no,-,-,-,-,0.100000,10.000000,0.822597,2,1,1320,2280,1.250000,0.000000,4500,no
187,SELL,-1.113679,21:07:23.335082020,no,-,-,-,-,0.100000,10.000000,0.822597,2,1,1326,2274,1.250000,0.000000,4500,no
188,SELL,-0.964146,21:07:23.335082020,no,-,-,-,-,0.100000,10.000000,0.822597,2,1,1330,2270,1.250000,0.000000,4500,no
189,SELL,-0.641944,21:07:23.335082020,no,-,-,-,-,0.100000,10.000000,0.822597,2,1,1335,2265,1.250000,0.000000,4500,no
190,SELL,-0.526200,21:07:23.335082020,no,-,-,-,-,0.100000,10.000000,0.822597,2,1,1345,2255,1.250000,0.000000,4500,no
191,SELL,-1.063845,21:07:23.335082020,no,-,-,-,-,0.100000,10.000000,0.822597,2,1,1348,2252,1.250000,0.000000,4500,no
192,SELL,-0.787183,21:07:23.335082020,no,-,-,-,-,0.100000,10.000000,0.822597,2,1,1352,2248,1.250000,0.000000,4500,no
193,SELL,-0.660303,21:07:23.335082020,no,-,-,-,-,0.100000,10.000000,0.822597,2,1,1355,2245,1.250000,0.000000,4500,no
194,SELL,-0.645865,21:07:23.335082020,no,-,-,-,-,0.100000,10.000000,0.822597,2,1,1358,2242,1.250000,0.000000,4500,no
195,SELL,-0.782732,21:07:23.335082020,no,-,-,-,-,0.100000,10.000000,0.822597,2,1,1361,2239,1.250000,0.000000,4500,no
196,SELL,-0.931450,21:07:23.335082020,no,-,-,-,-,0.100000,10.000000,0.822597,2,1,1365,2235,1.250000,0.000000,4500,no
197,SELL,-1.692699,21:07:23.335082020,no,-,-,-,-,0.100000,10.000000,0.822597,2,1,1369,2231,1.250000,0.000000,4500,no
198,SELL,-2.036878,21:07:23.335082020,no,-,-,-,-,0.100000,10.000000,0.822597,2,1,1375,2225,1.250000,0.000000,4500,no
199,SELL,-0.576512,21:07:23.335082020,no,-,-,-,-,0.100000,10.000000,0.822597,2,1,1491,2109,1.250000,0.000000,4500,no
200,SELL,-0.327863,21:07:23.335082020,no,-,-,-,-,0.100000,10.000000,0.822597,2,1,1562,2038,1.250000,0.000000,4500,no
201,SELL,-0.529851,21:07:23.335082020,no,-,-,-,-,0.100000,10.000000,0.822597,2,1,1565,2035,1.250000,0.000000,4500,no
202,SELL,-0.543622,21:07:23.335082020,no,-,-,-,-,0.100000,10.000000,0.822597,2,1,1568,2032,1.250000,0.000000,4500,no
203,SELL,-0.825139,21:07:23.335082020,no,-,-,-,-,0.100000,10.000000,0.822597,2,1,1572,2028,1.250000,0.000000,4500,no
204,SELL,-0.500094,21:07:23.335082020,no,-,-,-,-,0.100000,10.000000,0.822597,2,1,1577,2023,1.250000,0.000000,4500,no
205,SELL,-0.346351,21:07:23.335082020,no,-,-,-,-,0.100000,10.000000,0.822597,2,1,1580,2020,1.250000,0.000000,4500,no
206,SELL,-1.105940,21:07:23.335082020,no,-,-,-,-,0.100000,10.000000,0.822597,2,1,1584,2016,1.250000,0.000000,4500,no
207,SELL,-1.011026,21:07:23.335082020,no,-,-,-,-,0.100000,10.000000,0.822597,2,1,1588,2012,1.250000,0.000000,4500,no
208,SELL,-0.916700,21:07:23.335082020,no,-,-,-,-,0.100000,10.000000,0.822597,2,1,1593,2007,1.250000,0.000000,4500,no
209,SELL,-0.962907,21:07:23.335082020,no,-,-,-,-,0.100000,10.000000,0.822597,2,1,1617,1983,1.250000,0.000000,4500,no
210,SELL,-1.141006,21:07:23.335082020,no,-,-,-,-,0.100000,10.000000,0.822597,2,1,1620,1980,1.250000,0.000000,4500,no
211,SELL,-1.151487,21:07:23.335082020,no,-,-,-,-,0.100000,10.000000,0.822597,2,1,1624,1976,1.250000,0.000000,4500,no
212,SELL,-0.996746,21:07:23.335082020,no,-,-,-,-,0.100000,10.000000,0.822597,2,1,1626,1974,1.250000,0.000000,4500,no
213,SELL,-0.835703,21:07:23.335082020,no,-,-,-,-,0.100000,10.000000,0.822597,2,1,1653,1947,1.250000,0.000000,4500,no
214,SELL,-0.846330,21:07:23.335082020,no,-,-,-,-,0.100000,10.000000,0.822597,2,1,1657,1943,1.250000,0.000000,4500,no
215,SELL,1.066623,21:07:23.335082020,no,-,-,-,-,0.100000,10.000000,0.822597,2,1,4927,-1327,1.250000,0.000000,4500,yes
216,SELL,1.185713,21:07:23.335082020,no,-,-,-,-,0.100000,10.000000,0.822597,2,1,4930,-1330,1.250000,0.000000,4500,yes
217,SELL,0.903993,21:07:23.335082020,no,-,-,-,-,0.100000,10.000000,0.822597,2,1,4935,-1335,1.250000,0.000000,4500,yes
218,SELL,2.064947,21:07:23.335082020,no,-,-,-,-,0.100000,10.000000,0.822597,2,1,4939,-1339,1.250000,0.000000,4500,yes
219,SELL,1.124241,21:07:23.335082020,no,-,-,-,-,0.100000,10.000000,0.822597,2,1,4942,-1342,1.250000,0.000000,4500,yes
220,SELL,2.021528,21:07:23.335082020,no,-,-,-,-,0.100000,10.000000,0.822597,2,1,4946,-1346,1.250000,0.000000,4500,yes
221,SELL,1.372481,21:07:23.335082020,no,-,-,-,-,0.100000,10.000000,0.822597,2,1,4949,-1349,1.250000,0.000000,4500,yes
222,SELL,1.718866,21:07:23.335082020,no,-,-,-,-,0.100000,10.000000,0.822597,2,1,4954,-1354,1.250000,0.000000,4500,yes
223,SELL,1.401686,21:07:23.335082020,no,-,-,-,-,0.100000,10.000000,0.822597,2,1,4957,-1357,1.250000,0.000000,4500,yes
224,SELL,2.736780,21:07:23.335082020,no,-,-,-,-,0.100000,10.000000,0.822597,2,1,4960,-1360,1.250000,0.000000,4500,yes
225,SELL,0.706646,21:07:23.335082020,no,-,-,-,-,0.100000,10.000000,0.822597,2,1,4965,-1365,1.250000,0.000000,4500,yes
226,SELL,1.457582,21:07:23.335082020,no,-,-,-,-,0.100000,10.000000,0.822597,2,1,4968,-1368,1.250000,0.000000,4500,yes
227,SELL,-0.046341,21:07:23.335082020,no,-,-,-,-,0.100000,10.000000,0.822597,2,1,4972,-1372,1.250000,0.000000,4500,yes
228,SELL,-0.045555,21:07:23.335082020,no,-,-,-,-,0.100000,10.000000,0.822597,2,1,4977,-1377,1.250000,0.000000,4500,yes
229,SELL,-1.381380,21:07:23.335082020,no,-,-,-,-,0.100000,10.000000,0.822597,2,1,4981,-1381,1.250000,0.000000,4500,yes
230,SELL,-0.750557,21:07:23.335082020,no,-,-,-,-,0.100000,10.000000,0.822597,2,1,4985,-1385,1.250000,0.000000,4500,yes
231,SELL,0.822207,21:07:23.335082020,no,-,-,-,-,0.100000,10.000000,0.822597,2,1,4990,-1390,1.250000,0.000000,4500,yes
232,SELL,1.558830,21:07:23.335082020,no,-,-,-,-,0.100000,10.000000,0.822597,2,1,4994,-1394,1.250000,0.000000,4500,yes
233,SELL,-0.767754,21:07:23.335082020,no,-,-,-,-,0.100000,10.000000,0.822597,2,1,4999,-1399,1.250000,0.000000,4500,yes
234,SELL,-0.543405,21:07:23.335082020,no,-,-,-,-,0.100000,10.000000,0.822597,2,1,5004,-1404,1.250000,0.000000,4500,yes
235,SELL,-0.857661,21:07:23.335082020,no,-,-,-,-,0.100000,10.000000,0.822597,2,1,5035,-1435,1.250000,0.000000,4500,yes
236,SELL,2.292472,21:07:23.335082020,no,-,-,-,-,0.100000,10.000000,0.822597,2,1,5038,-1438,1.250000,0.000000,4500,yes
237,SELL,-0.602665,21:07:23.335082020,no,-,-,-,-,0.100000,10.000000,0.822597,2,1,5041,-1441,1.250000,0.000000,4500,yes
238,SELL,1.458933,21:07:23.335082020,no,-,-,-,-,0.100000,10.000000,0.822597,2,1,5046,-1446,1.250000,0.000000,4500,yes
239,SELL,1.882344,21:07:23.335082020,no,-,-,-,-,0.100000,10.000000,0.822597,2,1,5049,-1449,1.250000,0.000000,4500,yes
240,SELL,5.403969,21:07:23.335082020,no,-,-,-,-,0.100000,10.000000,0.822597,2,1,11325,-7725,1.250000,0.000000,4500,yes
241,SELL,3.561993,21:07:23.335082020,no,-,-,-,-,0.100000,10.000000,0.822597,2,1,11336,-7736,1.250000,0.000000,4500,yes
242,SELL,3.701488,21:07:23.335082020,no,-,-,-,-,0.100000,10.000000,0.822597,2,1,11348,-7748,1.250000,0.000000,4500,yes
243,SELL,0.930002,21:07:23.335082020,no,-,-,-,-,0.100000,10.000000,0.822597,2,1,11357,-7757,1.250000,0.000000,4500,yes
244,SELL,0.725779,21:07:23.335082020,no,-,-,-,-,0.100000,10.000000,0.822597,2,1,11369,-7769,1.250000,0.000000,4500,yes
245,SELL,1.752623,21:07:23.335082020,no,-,-,-,-,0.100000,10.000000,0.822597,2,1,11379,-7779,1.250000,0.000000,4500,yes
246,SELL,1.869100,21:07:23.335082020,no,-,-,-,-,0.100000,10.000000,0.822597,2,1,11389,-7789,1.250000,0.000000,4500,yes
247,SELL,5.203879,21:07:23.335082020,no,-,-,-,-,0.100000,10.000000,0.822597,2,1,11400,-7800,1.250000,0.000000,4500,yes
248,SELL,4.041259,21:07:23.335082020,no,-,-,-,-,0.100000,10.000000,0.822597,2,1,11412,-7812,1.250000,0.000000,4500,yes
249,SELL,3.743759,21:07:23.335082020,no,-,-,-,-,0.100000,10.000000,0.822597,2,1,11421,-7821,1.250000,0.000000,4500,yes
250,SELL,3.349281,21:07:23.335082020,no,-,-,-,-,0.100000,10.000000,0.822597,2,1,11432,-7832,1.250000,0.000000,4500,yes
251,SELL,2.435249,21:07:23.335082020,no,-,-,-,-,0.100000,10.000000,0.822597,2,1,11444,-7844,1.250000,0.000000,4500,yes
252,SELL,2.701297,21:07:23.335082020,no,-,-,-,-,0.100000,10.000000,0.822597,2,1,11454,-7854,1.250000,0.000000,4500,yes
253,SELL,2.281177,21:07:23.335082020,no,-,-,-,-,0.100000,10.000000,0.822597,2,1,11464,-7864,1.250000,0.000000,4500,yes
254,SELL,1.896243,21:07:23.335082020,no,-,-,-,-,0.100000,10.000000,0.822597,2,1,11475,-7875,1.250000,0.000000,4500,yes
255,SELL,3.387758,21:07:23.335082020,no,-,-,-,-,0.100000,10.000000,0.822597,2,1,11486,-7886,1.250000,0.000000,4500,yes
256,SELL,1.977388,21:07:23.335082020,no,-,-,-,-,0.100000,10.000000,0.822597,2,1,11497,-7897,1.250000,0.000000,4500,yes
257,SELL,-0.129006,21:07:23.335082020,no,-,-,-,-,0.100000,10.000000,0.822597,2,1,11508,-7908,1.250000,0.000000,4500,yes
258,SELL,0.163995,21:07:23.335082020,no,-,-,-,-,0.100000,10.000000,0.822597,2,1,11517,-7917,1.250000,0.000000,4500,yes
259,SELL,-1.099410,21:07:23.335082020,no,-,-,-,-,0.100000,10.000000,0.822597,2,1,11531,-7931,1.250000,0.000000,4500,yes
260,SELL,-2.571656,21:07:23.335082020,no,-,-,-,-,0.100000,10.000000,0.822597,2,1,11542,-7942,1.250000,0.000000,4500,yes
261,SELL,-1.023624,21:07:23.335082020,no,-,-,-,-,0.100000,10.000000,0.822597,2,1,11552,-7952,1.250000,0.000000,4500,yes
262,SELL,-1.069947,21:07:23.335082020,no,-,-,-,-,0.100000,10.000000,0.822597,2,1,11563,-7963,1.250000,0.000000,4500,yes
263,SELL,2.037868,21:07:23.335082020,no,-,-,-,-,0.100000,10.000000,0.822597,2,1,11574,-7974,1.250000,0.000000,4500,yes
264,SELL,-1.985552,21:07:23.335082020,no,-,-,-,-,0.100000,10.000000,0.822597,2,1,11584,-7984,1.250000,0.000000,4500,yes
265,SELL,-2.028483,21:07:23.335082020,no,-,-,-,-,0.100000,10.000000,0.822597,2,1,11595,-7995,1.250000,0.000000,4500,yes
266,SELL,-2.942096,21:07:23.335082020,no,-,-,-,-,0.100000,10.000000,0.822597,2,1,11606,-8006,1.250000,0.000000,4500,yes
267,SELL,-1.468347,21:07:23.335082020,no,-,-,-,-,0.100000,10.000000,0.822597,2,1,11617,-8017,1.250000,0.000000,4500,yes
268,SELL,-3.113592,21:07:23.335082020,no,-,-,-,-,0.100000,10.000000,0.822597,2,1,11628,-8028,1.250000,0.000000,4500,yes
269,SELL,-2.367519,21:07:23.335082020,no,-,-,-,-,0.100000,10.000000,0.822597,2,1,11639,-8039,1.250000,0.000000,4500,yes
270,SELL,-1.073857,21:07:23.335082020,no,-,-,-,-,0.100000,10.000000,0.822597,2,1,11649,-8049,1.250000,0.000000,4500,yes
271,SELL,-1.500514,21:07:23.335082020,no,-,-,-,-,0.100000,10.000000,0.822597,2,1,11660,-8060,1.250000,0.000000,4500,yes
272,SELL,-0.226537,21:07:23.335082020,no,-,-,-,-,0.100000,10.000000,0.822597,2,1,11670,-8070,1.250000,0.000000,4500,yes
273,SELL,0.724466,21:07:23.335082020,no,-,-,-,-,0.100000,10.000000,0.822597,2,1,11681,-8081,1.250000,0.000000,4500,yes
274,SELL,-0.558284,21:07:23.335082020,no,-,-,-,-,0.100000,10.000000,0.822597,2,1,11691,-8091,1.250000,0.000000,4500,yes
275,SELL,-1.302080,21:07:23.335082020,no,-,-,-,-,0.100000,10.000000,0.822597,2,1,11702,-8102,1.250000,0.000000,4500,yes
276,SELL,0.164350,21:07:23.335082020,no,-,-,-,-,0.100000,10.000000,0.822597,2,1,11712,-8112,1.250000,0.000000,4500,yes
277,SELL,1.545472,21:07:23.335082020,no,-,-,-,-,0.100000,10.000000,0.822597,2,1,11723,-8123,1.250000,0.000000,4500,yes
278,SELL,-0.075072,21:07:23.335082020,no,-,-,-,-,0.100000,10.000000,0.822597,2,1,11733,-8133,1.250000,0.000000,4500,yes
279,SELL,1.973554,21:07:23.335082020,no,-,-,-,-,0.100000,10.000000,0.822597,2,1,11744,-8144,1.250000,0.000000,4500,yes
280,SELL,2.063239,21:07:23.335082020,no,-,-,-,-,0.100000,10.000000,0.822597,2,1,11754,-8154,1.250000,0.000000,4500,yes
281,SELL,1.269705,21:07:23.335082020,no,-,-,-,-,0.100000,10.000000,0.822597,2,1,11765,-8165,1.250000,0.000000,4500,yes
282,SELL,1.687992,21:07:23.335082020,no,-,-,-,-,0.100000,10.000000,0.822597,2,1,11777,-8177,1.250000,0.000000,4500,yes
283,SELL,-0.361651,21:07:23.335082020,no,-,-,-,-,0.100000,10.000000,0.822597,2,1,11786,-8186,1.250000,0.000000,4500,yes
284,SELL,-2.524905,21:07:23.335082020,no,-,-,-,-,0.100000,10.000000,0.822597,2,1,11796,-8196,1.250000,0.000000,4500,yes
285,SELL,-0.886839,21:07:23.335082020,no,-,-,-,-,0.100000,10.000000,0.822597,2,1,11808,-8208,1.250000,0.000000,4500,yes
286,SELL,-2.178567,21:07:23.335082020,no,-,-,-,-,0.100000,10.000000,0.822597,2,1,11819,-8219,1.250000,0.000000,4500,yes
287,SELL,-1.061217,21:07:23.335082020,no,-,-,-,-,0.100000,10.000000,0.822597,2,1,11829,-8229,1.250000,0.000000,4500,yes
288,SELL,1.273829,21:07:23.335082020,no,-,-,-,-,0.100000,10.000000,0.822597,2,1,11839,-8239,1.250000,0.000000,4500,yes
289,SELL,-0.359504,21:07:23.335082020,no,-,-,-,-,0.100000,10.000000,0.822597,2,1,11849,-8249,1.250000,0.000000,4500,yes
290,SELL,-2.900709,21:07:23.335082020,no,-,-,-,-,0.100000,10.000000,0.822597,2,1,11860,-8260,1.250000,0.000000,4500,yes
291,SELL,-1.554736,21:07:23.335082020,no,-,-,-,-,0.100000,10.000000,0.822597,2,1,11871,-8271,1.250000,0.000000,4500,yes
292,SELL,-3.682623,21:07:23.335082020,no,-,-,-,-,0.100000,10.000000,0.822597,2,1,11932,-8332,1.250000,0.000000,4500,yes
293,SELL,-0.558952,21:07:23.335082020,no,-,-,-,-,0.100000,10.000000,0.822597,2,1,11938,-8338,1.250000,0.000000,4500,yes
294,SELL,-0.717510,21:07:23.335082020,no,-,-,-,-,0.100000,10.000000,0.822597,2,1,11944,-8344,1.250000,0.000000,4500,yes
295,SELL,-0.817924,21:07:23.335082020,no,-,-,-,-,0.100000,10.000000,0.822597,2,1,11954,-8354,1.250000,0.000000,4500,yes
296,SELL,1.761839,21:07:23.335082020,no,-,-,-,-,0.100000,10.000000,0.822597,2,1,11964,-8364,1.250000,0.000000,4500,yes
297,SELL,0.096228,21:07:23.335082020,no,-,-,-,-,0.100000,10.000000,0.822597,2,1,11975,-8375,1.250000,0.000000,4500,yes
298,SELL,-2.570146,21:07:23.335082020,no,-,-,-,-,0.100000,10.000000,0.822597,2,1,11987,-8387,1.250000,0.000000,4500,yes
299,SELL,0.572854,21:07:23.335082020,no,-,-,-,-,0.100000,10.000000,0.822597,2,1,11996,-8396,1.250000,0.000000,4500,yes
300,SELL,0.406756,21:07:23.335082020,no,-,-,-,-,0.100000,10.000000,0.822597,2,1,12007,-8407,1.250000,0.000000,4500,yes
301,SELL,-0.833081,21:07:23.335082020,no,-,-,-,-,0.100000,10.000000,0.822597,2,1,12018,-8418,1.250000,0.000000,4500,yes
302,SELL,-2.837649,21:07:23.335082020,no,-,-,-,-,0.100000,10.000000,0.822597,2,1,12028,-8428,1.250000,0.000000,4500,yes
303,SELL,-2.157806,21:07:23.335082020,no,-,-,-,-,0.100000,10.000000,0.822597,2,1,12038,-8438,1.250000,0.000000,4500,yes
304,SELL,2.582099,21:07:23.335082020,no,-,-,-,-,0.100000,10.000000,0.822597,2,1,12049,-8449,1.250000,0.000000,4500,yes
305,SELL,1.801228,21:07:23.335082020,no,-,-,-,-,0.100000,10.000000,0.822597,2,1,18250,-14650,1.250000,0.000000,4500,yes
306,SELL,0.858647,21:07:23.335082020,no,-,-,-,-,0.100000,10.000000,0.822597,2,1,18254,-14654,1.250000,0.000000,4500,yes
