轮数,方向,预测值,算法开始时间,是否下单,下单价格,档位,下单量,下单耗时(从预测到下单),r1,r2,std,freq,qty_scalar,经过时间,剩余时间,目标速度,实际速度,剩余量,是否为最后一轮
1,SELL,-0.451213,21:07:23.334790837,no,-,-,-,-,0.909091,1.100000,0.796175,2,1,332,3268,2.500000,0.000000,9000,no
2,SELL,-0.391784,21:07:23.334790837,no,-,-,-,-,0.826446,1.210000,0.796175,2,1,336,3264,2.500000,0.000000,9000,no
3,SELL,-0.505854,21:07:23.334790837,no,-,-,-,-,0.751315,1.331000,0.796175,2,1,339,3261,2.500000,0.000000,9000,no
4,SELL,-0.679273,21:07:23.334790837,no,-,-,-,-,0.683013,1.464100,0.796175,2,1,343,3257,2.500000,0.000000,9000,no
5,SELL,-0.208981,21:07:23.334790837,no,-,-,-,-,0.620921,1.610510,0.796175,2,1,347,3253,2.500000,0.000000,9000,no
6,SELL,-1.018221,21:07:23.334790837,no,-,-,-,-,0.564474,1.771561,0.796175,2,1,351,3249,2.500000,0.000000,9000,no
7,SELL,-0.885167,21:07:23.334790837,no,-,-,-,-,0.513158,1.948717,0.796175,2,1,356,3244,2.500000,0.000000,9000,no
8,SELL,-0.538793,21:07:23.334790837,no,-,-,-,-,0.466507,2.143589,0.796175,2,1,360,3240,2.500000,0.000000,9000,no
9,SELL,-0.297257,21:07:23.334790837,no,-,-,-,-,0.424098,2.357948,0.796175,2,1,363,3237,2.500000,0.000000,9000,no
10,SELL,-0.504591,21:07:23.334790837,no,-,-,-,-,0.385543,2.593742,0.796175,2,1,367,3233,2.500000,0.000000,9000,no
11,SELL,-0.937737,21:07:23.334790837,no,-,-,-,-,0.350494,2.853117,0.796175,2,1,370,3230,2.500000,0.000000,9000,no
12,SELL,-1.233427,21:07:23.334790837,no,-,-,-,-,0.318631,3.138428,0.796175,2,1,373,3227,2.500000,0.000000,9000,no
13,SELL,-0.777342,21:07:23.334790837,no,-,-,-,-,0.289664,3.452271,0.796175,2,1,377,3223,2.500000,0.000000,9000,no
14,SELL,-0.373782,21:07:23.334790837,no,-,-,-,-,0.263331,3.797498,0.796175,2,1,381,3219,2.500000,0.000000,9000,no
15,SELL,-0.484096,21:07:23.334790837,no,-,-,-,-,0.239392,4.177248,0.796175,2,1,383,3217,2.500000,0.000000,9000,no
16,SELL,-0.187910,21:07:23.334790837,no,-,-,-,-,0.217629,4.594973,0.796175,2,1,388,3212,2.500000,0.000000,9000,no
17,SELL,-0.644873,21:07:23.334790837,no,-,-,-,-,0.197845,5.054470,0.796175,2,1,392,3208,2.500000,0.000000,9000,no
18,SELL,0.425594,21:07:23.334790837,no,-,-,-,-,0.179859,5.559917,0.796175,2,1,397,3203,2.500000,0.000000,9000,no
19,SELL,0.221375,21:07:23.334790837,no,-,-,-,-,0.163508,6.115909,0.796175,2,1,399,3201,2.500000,0.000000,9000,no
20,SELL,0.051272,21:07:23.334790837,no,-,-,-,-,0.148644,6.727500,0.796175,2,1,402,3198,2.500000,0.000000,9000,no
21,SELL,0.390123,21:07:23.334790837,no,-,-,-,-,0.135131,7.400250,0.796175,2,1,407,3193,2.500000,0.000000,9000,no
22,SELL,-0.332448,21:07:23.334790837,no,-,-,-,-,0.122846,8.140275,0.796175,2,1,410,3190,2.500000,0.000000,9000,no
23,SELL,-0.181835,21:07:23.334790837,no,-,-,-,-,0.111678,8.954302,0.796175,2,1,412,3188,2.500000,0.000000,9000,no
24,SELL,0.559939,21:07:23.334790837,no,-,-,-,-,0.101526,9.849733,0.796175,2,1,417,3183,2.500000,0.000000,9000,no
25,SELL,0.491414,21:07:23.334790837,no,-,-,-,-,0.100000,10.000000,0.796175,2,1,422,3178,2.500000,0.000000,9000,no
26,SELL,-0.019648,21:07:23.334790837,no,-,-,-,-,0.100000,10.000000,0.796175,2,1,427,3173,2.500000,0.000000,9000,no
27,SELL,0.067942,21:07:23.334790837,no,-,-,-,-,0.100000,10.000000,0.796175,2,1,432,3168,2.500000,0.000000,9000,no
28,SELL,0.307135,21:07:23.334790837,no,-,-,-,-,0.100000,10.000000,0.796175,2,1,438,3162,2.500000,0.000000,9000,no
29,SELL,-0.133746,21:07:23.334790837,no,-,-,-,-,0.100000,10.000000,0.796175,2,1,442,3158,2.500000,0.000000,9000,no
30,SELL,0.902269,21:07:23.334790837,no,-,-,-,-,0.100000,10.000000,0.796175,2,1,445,3155,2.500000,0.000000,9000,no
31,SELL,0.963920,21:07:23.334790837,no,-,-,-,-,0.100000,10.000000,0.796175,2,1,448,3152,2.500000,0.000000,9000,no
32,SELL,-0.704897,21:07:23.334790837,no,-,-,-,-,0.100000,10.000000,0.796175,2,1,452,3148,2.500000,0.000000,9000,no
33,SELL,0.377900,21:07:23.334790837,no,-,-,-,-,0.100000,10.000000,0.796175,2,1,457,3143,2.500000,0.000000,9000,no
34,SELL,0.064955,21:07:23.334790837,no,-,-,-,-,0.100000,10.000000,0.796175,2,1,461,3139,2.500000,0.000000,9000,no
35,SELL,0.650603,21:07:23.334790837,no,-,-,-,-,0.100000,10.000000,0.796175,2,1,464,3136,2.500000,0.000000,9000,no
36,SELL,0.002933,21:07:23.334790837,no,-,-,-,-,0.100000,10.000000,0.796175,2,1,467,3133,2.500000,0.000000,9000,no
37,SELL,0.145722,21:07:23.334790837,no,-,-,-,-,0.100000,10.000000,0.796175,2,1,471,3129,2.500000,0.000000,9000,no
38,SELL,-1.350853,21:07:23.334790837,no,-,-,-,-,0.100000,10.000000,0.796175,2,1,475,3125,2.500000,0.000000,9000,no
39,SELL,-0.061359,21:07:23.334790837,no,-,-,-,-,0.100000,10.000000,0.796175,2,1,480,3120,2.500000,0.000000,9000,no
40,SELL,-1.004683,21:07:23.334790837,no,-,-,-,-,0.100000,10.000000,0.796175,2,1,483,3117,2.500000,0.000000,9000,no
41,SELL,-0.779757,21:07:23.334790837,no,-,-,-,-,0.100000,10.000000,0.796175,2,1,487,3113,2.500000,0.000000,9000,no
42,SELL,-0.326756,21:07:23.334790837,no,-,-,-,-,0.100000,10.000000,0.796175,2,1,490,3110,2.500000,0.000000,9000,no
43,SELL,-0.464202,21:07:23.334790837,no,-,-,-,-,0.100000,10.000000,0.796175,2,1,495,3105,2.500000,0.000000,9000,no
44,SELL,-0.622649,21:07:23.334790837,no,-,-,-,-,0.100000,10.000000,0.796175,2,1,501,3099,2.500000,0.000000,9000,no
45,SELL,-1.328742,21:07:23.334790837,no,-,-,-,-,0.100000,10.000000,0.796175,2,1,505,3095,2.500000,0.000000,9000,no
46,SELL,-1.196496,21:07:23.334790837,no,-,-,-,-,0.100000,10.000000,0.796175,2,1,509,3091,2.500000,0.000000,9000,no
47,SELL,-0.666252,21:07:23.334790837,no,-,-,-,-,0.100000,10.000000,0.796175,2,1,514,3086,2.500000,0.000000,9000,no
48,SELL,-0.528429,21:07:23.334790837,no,-,-,-,-,0.100000,10.000000,0.796175,2,1,518,3082,2.500000,0.000000,9000,no
49,SELL,-0.571934,21:07:23.334790837,no,-,-,-,-,0.100000,10.000000,0.796175,2,1,522,3078,2.500000,0.000000,9000,no
50,SELL,-0.226200,21:07:23.334790837,no,-,-,-,-,0.100000,10.000000,0.796175,2,1,527,3073,2.500000,0.000000,9000,no
51,SELL,0.400042,21:07:23.334790837,no,-,-,-,-,0.100000,10.000000,0.796175,2,1,530,3070,2.500000,0.000000,9000,no
52,SELL,0.973955,21:07:23.334790837,no,-,-,-,-,0.100000,10.000000,0.796175,2,1,535,3065,2.500000,0.000000,9000,no
53,SELL,0.228792,21:07:23.334790837,no,-,-,-,-,0.100000,10.000000,0.796175,2,1,539,3061,2.500000,0.000000,9000,no
54,SELL,0.668734,21:07:23.334790837,no,-,-,-,-,0.100000,10.000000,0.796175,2,1,546,3054,2.500000,0.000000,9000,no
55,SELL,0.862554,21:07:23.334790837,no,-,-,-,-,0.100000,10.000000,0.796175,2,1,554,3046,2.500000,0.000000,9000,no
56,SELL,0.195761,21:07:23.334790837,no,-,-,-,-,0.100000,10.000000,0.796175,2,1,557,3043,2.500000,0.000000,9000,no
57,SELL,0.086706,21:07:23.334790837,no,-,-,-,-,0.100000,10.000000,0.796175,2,1,563,3037,2.500000,0.000000,9000,no
58,SELL,0.035241,21:07:23.334790837,no,-,-,-,-,0.100000,10.000000,0.796175,2,1,568,3032,2.500000,0.000000,9000,no
59,SELL,0.149795,21:07:23.334790837,no,-,-,-,-,0.100000,10.000000,0.796175,2,1,571,3029,2.500000,0.000000,9000,no
60,SELL,0.296168,21:07:23.334790837,no,-,-,-,-,0.100000,10.000000,0.796175,2,1,576,3024,2.500000,0.000000,9000,no
61,SELL,1.053302,21:07:23.334790837,no,-,-,-,-,0.100000,10.000000,0.796175,2,1,579,3021,2.500000,0.000000,9000,no
62,SELL,1.196942,21:07:23.334790837,no,-,-,-,-,0.100000,10.000000,0.796175,2,1,583,3017,2.500000,0.000000,9000,no
63,SELL,0.991344,21:07:23.334790837,no,-,-,-,-,0.100000,10.000000,0.796175,2,1,587,3013,2.500000,0.000000,9000,no
64,SELL,1.600781,21:07:23.334790837,no,-,-,-,-,0.100000,10.000000,0.796175,2,1,592,3008,2.500000,0.000000,9000,no
65,SELL,1.417985,21:07:23.334790837,no,-,-,-,-,0.100000,10.000000,0.796175,2,1,595,3005,2.500000,0.000000,9000,no
66,SELL,0.921001,21:07:23.334790837,no,-,-,-,-,0.100000,10.000000,0.796175,2,1,600,3000,2.500000,0.000000,9000,no
67,SELL,0.339437,21:07:23.334790837,no,-,-,-,-,0.100000,10.000000,0.796175,2,1,604,2996,2.500000,0.000000,9000,no
68,SELL,0.964838,21:07:23.334790837,no,-,-,-,-,0.100000,10.000000,0.796175,2,1,608,2992,2.500000,0.000000,9000,no
69,SELL,0.271603,21:07:23.334790837,no,-,-,-,-,0.100000,10.000000,0.796175,2,1,611,2989,2.500000,0.000000,9000,no
70,SELL,0.237649,21:07:23.334790837,no,-,-,-,-,0.100000,10.000000,0.796175,2,1,615,2985,2.500000,0.000000,9000,no
71,SELL,1.004697,21:07:23.334790837,no,-,-,-,-,0.100000,10.000000,0.796175,2,1,618,2982,2.500000,0.000000,9000,no
72,SELL,0.372893,21:07:23.334790837,no,-,-,-,-,0.100000,10.000000,0.796175,2,1,621,2979,2.500000,0.000000,9000,no
73,SELL,0.575734,21:07:23.334790837,no,-,-,-,-,0.100000,10.000000,0.796175,2,1,625,2975,2.500000,0.000000,9000,no
74,SELL,0.266098,21:07:23.334790837,no,-,-,-,-,0.100000,10.000000,0.796175,2,1,630,2970,2.500000,0.000000,9000,no
75,SELL,0.438616,21:07:23.334790837,no,-,-,-,-,0.100000,10.000000,0.796175,2,1,634,2966,2.500000,0.000000,9000,no
76,SELL,0.163404,21:07:23.334790837,no,-,-,-,-,0.100000,10.000000,0.796175,2,1,637,2963,2.500000,0.000000,9000,no
77,SELL,-0.055521,21:07:23.334790837,no,-,-,-,-,0.100000,10.000000,0.796175,2,1,640,2960,2.500000,0.000000,9000,no
78,SELL,1.069906,21:07:23.334790837,no,-,-,-,-,0.100000,10.000000,0.796175,2,1,642,2958,2.500000,0.000000,9000,no
79,SELL,1.171929,21:07:23.334790837,no,-,-,-,-,0.100000,10.000000,0.796175,2,1,645,2955,2.500000,0.000000,9000,no
80,SELL,1.086679,21:07:23.334790837,no,-,-,-,-,0.100000,10.000000,0.796175,2,1,648,2952,2.500000,0.000000,9000,no
81,SELL,0.860181,21:07:23.334790837,no,-,-,-,-,0.100000,10.000000,0.796175,2,1,651,2949,2.500000,0.000000,9000,no
82,SELL,1.144129,21:07:23.334790837,no,-,-,-,-,0.100000,10.000000,0.796175,2,1,655,2945,2.500000,0.000000,9000,no
83,SELL,1.536471,21:07:23.334790837,no,-,-,-,-,0.100000,10.000000,0.796175,2,1,659,2941,2.500000,0.000000,9000,no
84,SELL,-0.042014,21:07:23.334790837,no,-,-,-,-,0.100000,10.000000,0.796175,2,1,663,2937,2.500000,0.000000,9000,no
85,SELL,0.966006,21:07:23.334790837,no,-,-,-,-,0.100000,10.000000,0.796175,2,1,668,2932,2.500000,0.000000,9000,no
86,SELL,0.891541,21:07:23.334790837,no,-,-,-,-,0.100000,10.000000,0.796175,2,1,670,2930,2.500000,0.000000,9000,no
87,SELL,0.809367,21:07:23.334790837,no,-,-,-,-,0.100000,10.000000,0.796175,2,1,673,2927,2.500000,0.000000,9000,no
88,SELL,1.404391,21:07:23.334790837,no,-,-,-,-,0.100000,10.000000,0.796175,2,1,677,2923,2.500000,0.000000,9000,no
89,SELL,0.909578,21:07:23.334790837,no,-,-,-,-,0.100000,10.000000,0.796175,2,1,680,2920,2.500000,0.000000,9000,no
90,SELL,0.708896,21:07:23.334790837,no,-,-,-,-,0.100000,10.000000,0.796175,2,1,684,2916,2.500000,0.000000,9000,no
91,SELL,0.853371,21:07:23.334790837,no,-,-,-,-,0.100000,10.000000,0.796175,2,1,687,2913,2.500000,0.000000,9000,no
92,SELL,0.839408,21:07:23.334790837,no,-,-,-,-,0.100000,10.000000,0.796175,2,1,690,2910,2.500000,0.000000,9000,no
93,SELL,0.817006,21:07:23.334790837,no,-,-,-,-,0.100000,10.000000,0.796175,2,1,694,2906,2.500000,0.000000,9000,no
94,SELL,1.196613,21:07:23.334790837,no,-,-,-,-,0.100000,10.000000,0.796175,2,1,697,2903,2.500000,0.000000,9000,no
95,SELL,0.609624,21:07:23.334790837,no,-,-,-,-,0.100000,10.000000,0.796175,2,1,702,2898,2.500000,0.000000,9000,no
96,SELL,0.736339,21:07:23.334790837,no,-,-,-,-,0.100000,10.000000,0.796175,2,1,705,2895,2.500000,0.000000,9000,no
97,SELL,0.514945,21:07:23.334790837,no,-,-,-,-,0.100000,10.000000,0.796175,2,1,707,2893,2.500000,0.000000,9000,no
98,SELL,0.178589,21:07:23.334790837,no,-,-,-,-,0.100000,10.000000,0.796175,2,1,711,2889,2.500000,0.000000,9000,no
99,SELL,-0.634081,21:07:23.334790837,no,-,-,-,-,0.100000,10.000000,0.796175,2,1,714,2886,2.500000,0.000000,9000,no
100,SELL,0.424339,21:07:23.334790837,no,-,-,-,-,0.100000,10.000000,0.796175,2,1,716,2884,2.500000,0.000000,9000,no
101,SELL,0.263934,21:07:23.334790837,no,-,-,-,-,0.100000,10.000000,0.796175,2,1,719,2881,2.500000,0.000000,9000,no
102,SELL,0.222556,21:07:23.334790837,no,-,-,-,-,0.100000,10.000000,0.796175,2,1,723,2877,2.500000,0.000000,9000,no
103,SELL,0.213018,21:07:23.334790837,no,-,-,-,-,0.100000,10.000000,0.796175,2,1,726,2874,2.500000,0.000000,9000,no
104,SELL,0.147403,21:07:23.334790837,no,-,-,-,-,0.100000,10.000000,0.796175,2,1,730,2870,2.500000,0.000000,9000,no
105,SELL,-0.527844,21:07:23.334790837,no,-,-,-,-,0.100000,10.000000,0.796175,2,1,733,2867,2.500000,0.000000,9000,no
106,SELL,0.140932,21:07:23.334790837,no,-,-,-,-,0.100000,10.000000,0.796175,2,1,738,2862,2.500000,0.000000,9000,no
107,SELL,0.072709,21:07:23.334790837,no,-,-,-,-,0.100000,10.000000,0.796175,2,1,744,2856,2.500000,0.000000,9000,no
108,SELL,-2.200660,21:07:23.334790837,no,-,-,-,-,0.100000,10.000000,0.796175,2,1,750,2850,2.500000,0.000000,9000,no
109,SELL,-0.424012,21:07:23.334790837,no,-,-,-,-,0.100000,10.000000,0.796175,2,1,756,2844,2.500000,0.000000,9000,no
110,SELL,-0.260808,21:07:23.334790837,no,-,-,-,-,0.100000,10.000000,0.796175,2,1,759,2841,2.500000,0.000000,9000,no
111,SELL,0.368176,21:07:23.334790837,no,-,-,-,-,0.100000,10.000000,0.796175,2,1,764,2836,2.500000,0.000000,9000,no
112,SELL,0.031015,21:07:23.334790837,no,-,-,-,-,0.100000,10.000000,0.796175,2,1,767,2833,2.500000,0.000000,9000,no
113,SELL,-0.009359,21:07:23.334790837,no,-,-,-,-,0.100000,10.000000,0.796175,2,1,771,2829,2.500000,0.000000,9000,no
114,SELL,0.516823,21:07:23.334790837,no,-,-,-,-,0.100000,10.000000,0.796175,2,1,774,2826,2.500000,0.000000,9000,no
115,SELL,-0.070806,21:07:23.334790837,no,-,-,-,-,0.100000,10.000000,0.796175,2,1,777,2823,2.500000,0.000000,9000,no
116,SELL,-0.342538,21:07:23.334790837,no,-,-,-,-,0.100000,10.000000,0.796175,2,1,782,2818,2.500000,0.000000,9000,no
117,SELL,-0.368644,21:07:23.334790837,no,-,-,-,-,0.100000,10.000000,0.796175,2,1,785,2815,2.500000,0.000000,9000,no
118,SELL,0.111161,21:07:23.334790837,no,-,-,-,-,0.100000,10.000000,0.796175,2,1,787,2813,2.500000,0.000000,9000,no
119,SELL,0.208485,21:07:23.334790837,no,-,-,-,-,0.100000,10.000000,0.796175,2,1,790,2810,2.500000,0.000000,9000,no
120,SELL,-0.241811,21:07:23.334790837,no,-,-,-,-,0.100000,10.000000,0.796175,2,1,793,2807,2.500000,0.000000,9000,no
121,SELL,0.400045,21:07:23.334790837,no,-,-,-,-,0.100000,10.000000,0.796175,2,1,796,2804,2.500000,0.000000,9000,no
122,SELL,0.062578,21:07:23.334790837,no,-,-,-,-,0.100000,10.000000,0.796175,2,1,799,2801,2.500000,0.000000,9000,no
123,SELL,0.132551,21:07:23.334790837,no,-,-,-,-,0.100000,10.000000,0.796175,2,1,803,2797,2.500000,0.000000,9000,no
124,SELL,-0.010785,21:07:23.334790837,no,-,-,-,-,0.100000,10.000000,0.796175,2,1,808,2792,2.500000,0.000000,9000,no
125,SELL,-0.013817,21:07:23.334790837,no,-,-,-,-,0.100000,10.000000,0.796175,2,1,810,2790,2.500000,0.000000,9000,no
126,SELL,-0.227553,21:07:23.334790837,no,-,-,-,-,0.100000,10.000000,0.796175,2,1,814,2786,2.500000,0.000000,9000,no
127,SELL,-0.288423,21:07:23.334790837,no,-,-,-,-,0.100000,10.000000,0.796175,2,1,819,2781,2.500000,0.000000,9000,no
128,SELL,-0.468060,21:07:23.334790837,no,-,-,-,-,0.100000,10.000000,0.796175,2,1,822,2778,2.500000,0.000000,9000,no
129,SELL,-0.539426,21:07:23.334790837,no,-,-,-,-,0.100000,10.000000,0.796175,2,1,825,2775,2.500000,0.000000,9000,no
130,SELL,-0.326729,21:07:23.334790837,no,-,-,-,-,0.100000,10.000000,0.796175,2,1,829,2771,2.500000,0.000000,9000,no
131,SELL,-0.058501,21:07:23.334790837,no,-,-,-,-,0.100000,10.000000,0.796175,2,1,832,2768,2.500000,0.000000,9000,no
132,SELL,-0.172412,21:07:23.334790837,no,-,-,-,-,0.100000,10.000000,0.796175,2,1,835,2765,2.500000,0.000000,9000,no
133,SELL,-0.137157,21:07:23.334790837,no,-,-,-,-,0.100000,10.000000,0.796175,2,1,838,2762,2.500000,0.000000,9000,no
134,SELL,0.402522,21:07:23.334790837,no,-,-,-,-,0.100000,10.000000,0.796175,2,1,841,2759,2.500000,0.000000,9000,no
135,SELL,0.343626,21:07:23.334790837,no,-,-,-,-,0.100000,10.000000,0.796175,2,1,844,2756,2.500000,0.000000,9000,no
136,SELL,0.191580,21:07:23.334790837,no,-,-,-,-,0.100000,10.000000,0.796175,2,1,848,2752,2.500000,0.000000,9000,no
137,SELL,0.719332,21:07:23.334790837,no,-,-,-,-,0.100000,10.000000,0.796175,2,1,851,2749,2.500000,0.000000,9000,no
138,SELL,0.956749,21:07:23.334790837,no,-,-,-,-,0.100000,10.000000,0.796175,2,1,855,2745,2.500000,0.000000,9000,no
139,SELL,0.280629,21:07:23.334790837,no,-,-,-,-,0.100000,10.000000,0.796175,2,1,858,2742,2.500000,0.000000,9000,no
140,SELL,0.028273,21:07:23.334790837,no,-,-,-,-,0.100000,10.000000,0.796175,2,1,861,2739,2.500000,0.000000,9000,no
141,SELL,0.216893,21:07:23.334790837,no,-,-,-,-,0.100000,10.000000,0.796175,2,1,863,2737,2.500000,0.000000,9000,no
142,SELL,0.159377,21:07:23.334790837,no,-,-,-,-,0.100000,10.000000,0.796175,2,1,867,2733,2.500000,0.000000,9000,no
143,SELL,0.302833,21:07:23.334790837,no,-,-,-,-,0.100000,10.000000,0.796175,2,1,871,2729,2.500000,0.000000,9000,no
144,SELL,-0.236375,21:07:23.334790837,no,-,-,-,-,0.100000,10.000000,0.796175,2,1,876,2724,2.500000,0.000000,9000,no
145,SELL,0.411441,21:07:23.334790837,no,-,-,-,-,0.100000,10.000000,0.796175,2,1,878,2722,2.500000,0.000000,9000,no
146,SELL,0.512023,21:07:23.334790837,no,-,-,-,-,0.100000,10.000000,0.796175,2,1,882,2718,2.500000,0.000000,9000,no
147,SELL,0.900395,21:07:23.334790837,no,-,-,-,-,0.100000,10.000000,0.796175,2,1,885,2715,2.500000,0.000000,9000,no
148,SELL,0.857792,21:07:23.334790837,no,-,-,-,-,0.100000,10.000000,0.796175,2,1,888,2712,2.500000,0.000000,9000,no
149,SELL,0.942263,21:07:23.334790837,no,-,-,-,-,0.100000,10.000000,0.796175,2,1,893,2707,2.500000,0.000000,9000,no
150,SELL,0.573424,21:07:23.334790837,no,-,-,-,-,0.100000,10.000000,0.796175,2,1,896,2704,2.500000,0.000000,9000,no
151,SELL,0.354345,21:07:23.334790837,no,-,-,-,-,0.100000,10.000000,0.796175,2,1,898,2702,2.500000,0.000000,9000,no
152,SELL,0.171399,21:07:23.334790837,no,-,-,-,-,0.100000,10.000000,0.796175,2,1,902,2698,2.500000,0.000000,9000,no
153,SELL,0.144549,21:07:23.334790837,no,-,-,-,-,0.100000,10.000000,0.796175,2,1,905,2695,2.500000,0.000000,9000,no
154,SELL,0.406985,21:07:23.334790837,no,-,-,-,-,0.100000,10.000000,0.796175,2,1,908,2692,2.500000,0.000000,9000,no
155,SELL,0.084522,21:07:23.334790837,no,-,-,-,-,0.100000,10.000000,0.796175,2,1,910,2690,2.500000,0.000000,9000,no
156,SELL,0.723839,21:07:23.334790837,no,-,-,-,-,0.100000,10.000000,0.796175,2,1,1190,2410,2.500000,0.000000,9000,no
157,SELL,0.091375,21:07:23.334790837,no,-,-,-,-,0.100000,10.000000,0.796175,2,1,1194,2406,2.500000,0.000000,9000,no
158,SELL,-0.194435,21:07:23.334790837,no,-,-,-,-,0.100000,10.000000,0.796175,2,1,1198,2402,2.500000,0.000000,9000,no
159,SELL,0.271899,21:07:23.334790837,no,-,-,-,-,0.100000,10.000000,0.796175,2,1,1202,2398,2.500000,0.000000,9000,no
160,SELL,0.132187,21:07:23.334790837,no,-,-,-,-,0.100000,10.000000,0.796175,2,1,1206,2394,2.500000,0.000000,9000,no
161,SELL,0.370461,21:07:23.334790837,no,-,-,-,-,0.100000,10.000000,0.796175,2,1,1214,2386,2.500000,0.000000,9000,no
162,SELL,0.572033,21:07:23.334790837,no,-,-,-,-,0.100000,10.000000,0.796175,2,1,1219,2381,2.500000,0.000000,9000,no
163,SELL,-0.370074,21:07:23.334790837,no,-,-,-,-,0.100000,10.000000,0.796175,2,1,1226,2374,2.500000,0.000000,9000,no
164,SELL,0.252517,21:07:23.334790837,no,-,-,-,-,0.100000,10.000000,0.796175,2,1,1231,2369,2.500000,0.000000,9000,no
165,SELL,0.401604,21:07:23.334790837,no,-,-,-,-,0.100000,10.000000,0.796175,2,1,1234,2366,2.500000,0.000000,9000,no
166,SELL,0.811125,21:07:23.334790837,no,-,-,-,-,0.100000,10.000000,0.796175,2,1,1238,2362,2.500000,0.000000,9000,no
167,SELL,0.245011,21:07:23.334790837,no,-,-,-,-,0.100000,10.000000,0.796175,2,1,1242,2358,2.500000,0.000000,9000,no
168,SELL,-0.480905,21:07:23.334790837,no,-,-,-,-,0.100000,10.000000,0.796175,2,1,1248,2352,2.500000,0.000000,9000,no
169,SELL,-0.544317,21:07:23.334790837,no,-,-,-,-,0.100000,10.000000,0.796175,2,1,1252,2348,2.500000,0.000000,9000,no
170,SELL,0.657014,21:07:23.334790837,no,-,-,-,-,0.100000,10.000000,0.796175,2,1,1255,2345,2.500000,0.000000,9000,no
171,SELL,-0.372830,21:07:23.334790837,no,-,-,-,-,0.100000,10.000000,0.796175,2,1,1259,2341,2.500000,0.000000,9000,no
172,SELL,-0.508019,21:07:23.334790837,no,-,-,-,-,0.100000,10.000000,0.796175,2,1,1264,2336,2.500000,0.000000,9000,no
173,SELL,0.018375,21:07:23.334790837,no,-,-,-,-,0.100000,10.000000,0.796175,2,1,1268,2332,2.500000,0.000000,9000,no
174,SELL,0.212487,21:07:23.334790837,no,-,-,-,-,0.100000,10.000000,0.796175,2,1,1272,2328,2.500000,0.000000,9000,no
175,SELL,0.077468,21:07:23.334790837,no,-,-,-,-,0.100000,10.000000,0.796175,2,1,1275,2325,2.500000,0.000000,9000,no
176,SELL,-0.574142,21:07:23.334790837,no,-,-,-,-,0.100000,10.000000,0.796175,2,1,1279,2321,2.500000,0.000000,9000,no
177,SELL,-1.075332,21:07:23.334790837,no,-,-,-,-,0.100000,10.000000,0.796175,2,1,1283,2317,2.500000,0.000000,9000,no
178,SELL,-0.121313,21:07:23.334790837,no,-,-,-,-,0.100000,10.000000,0.796175,2,1,1287,2313,2.500000,0.000000,9000,no
179,SELL,-0.236523,21:07:23.334790837,no,-,-,-,-,0.100000,10.000000,0.796175,2,1,1292,2308,2.500000,0.000000,9000,no
180,SELL,-1.577622,21:07:23.334790837,no,-,-,-,-,0.100000,10.000000,0.796175,2,1,1297,2303,2.500000,0.000000,9000,no
181,SELL,-1.091771,21:07:23.334790837,no,-,-,-,-,0.100000,10.000000,0.796175,2,1,1300,2300,2.500000,0.000000,9000,no
182,SELL,-0.677261,21:07:23.334790837,no,-,-,-,-,0.100000,10.000000,0.796175,2,1,1304,2296,2.500000,0.000000,9000,no
183,SELL,-1.692084,21:07:23.334790837,no,-,-,-,-,0.100000,10.000000,0.796175,2,1,1309,2291,2.500000,0.000000,9000,no
184,SELL,-1.744810,21:07:23.334790837,no,-,-,-,-,0.100000,10.000000,0.796175,2,1,1313,2287,2.500000,0.000000,9000,no
185,SELL,-0.203103,21:07:23.334790837,no,-,-,-,-,0.100000,10.000000,0.796175,2,1,1316,2284,2.500000,0.000000,9000,no
186,SELL,-1.568722,21:07:23.334790837,no,-,-,-,-,0.100000,10.000000,0.796175,2,1,1320,2280,2.500000,0.000000,9000,no
187,SELL,-2.197724,21:07:23.334790837,no,-,-,-,-,0.100000,10.000000,0.796175,2,1,1326,2274,2.500000,0.000000,9000,no
188,SELL,-1.616417,21:07:23.334790837,no,-,-,-,-,0.100000,10.000000,0.796175,2,1,1330,2270,2.500000,0.000000,9000,no
189,SELL,-1.625392,21:07:23.334790837,no,-,-,-,-,0.100000,10.000000,0.796175,2,1,1335,2265,2.500000,0.000000,9000,no
190,SELL,-1.084723,21:07:23.334790837,no,-,-,-,-,0.100000,10.000000,0.796175,2,1,1338,2262,2.500000,0.000000,9000,no
191,SELL,-1.030275,21:07:23.334790837,no,-,-,-,-,0.100000,10.000000,0.796175,2,1,1348,2252,2.500000,0.000000,9000,no
192,SELL,-0.626624,21:07:23.334790837,no,-,-,-,-,0.100000,10.000000,0.796175,2,1,1352,2248,2.500000,0.000000,9000,no
193,SELL,-0.559200,21:07:23.334790837,no,-,-,-,-,0.100000,10.000000,0.796175,2,1,1355,2245,2.500000,0.000000,9000,no
194,SELL,-0.368232,21:07:23.334790837,no,-,-,-,-,0.100000,10.000000,0.796175,2,1,1358,2242,2.500000,0.000000,9000,no
195,SELL,-0.614777,21:07:23.334790837,no,-,-,-,-,0.100000,10.000000,0.796175,2,1,1361,2239,2.500000,0.000000,9000,no
196,SELL,-0.588670,21:07:23.334790837,no,-,-,-,-,0.100000,10.000000,0.796175,2,1,1365,2235,2.500000,0.000000,9000,no
197,SELL,-1.450628,21:07:23.334790837,no,-,-,-,-,0.100000,10.000000,0.796175,2,1,1369,2231,2.500000,0.000000,9000,no
198,SELL,-0.879355,21:07:23.334790837,no,-,-,-,-,0.100000,10.000000,0.796175,2,1,1375,2225,2.500000,0.000000,9000,no
199,SELL,1.062059,21:07:23.334790837,no,-,-,-,-,0.100000,10.000000,0.796175,2,1,1386,2214,2.500000,0.000000,9000,no
200,SELL,1.045342,21:07:23.334790837,no,-,-,-,-,0.100000,10.000000,0.796175,2,1,1495,2105,2.500000,0.000000,9000,no
201,SELL,0.577173,21:07:23.334790837,no,-,-,-,-,0.100000,10.000000,0.796175,2,1,1549,2051,2.500000,0.000000,9000,no
202,SELL,0.761237,21:07:23.334790837,no,-,-,-,-,0.100000,10.000000,0.796175,2,1,1560,2040,2.500000,0.000000,9000,no
203,SELL,0.803732,21:07:23.334790837,no,-,-,-,-,0.100000,10.000000,0.796175,2,1,1562,2038,2.500000,0.000000,9000,no
204,SELL,0.226349,21:07:23.334790837,no,-,-,-,-,0.100000,10.000000,0.796175,2,1,1565,2035,2.500000,0.000000,9000,no
205,SELL,-0.847563,21:07:23.334790837,no,-,-,-,-,0.100000,10.000000,0.796175,2,1,1568,2032,2.500000,0.000000,9000,no
206,SELL,-0.639900,21:07:23.334790837,no,-,-,-,-,0.100000,10.000000,0.796175,2,1,1572,2028,2.500000,0.000000,9000,no
207,SELL,0.012474,21:07:23.334790837,no,-,-,-,-,0.100000,10.000000,0.796175,2,1,1577,2023,2.500000,0.000000,9000,no
208,SELL,0.330030,21:07:23.334790837,no,-,-,-,-,0.100000,10.000000,0.796175,2,1,1580,2020,2.500000,0.000000,9000,no
209,SELL,-0.945930,21:07:23.334790837,no,-,-,-,-,0.100000,10.000000,0.796175,2,1,1584,2016,2.500000,0.000000,9000,no
210,SELL,-0.088699,21:07:23.334790837,no,-,-,-,-,0.100000,10.000000,0.796175,2,1,1588,2012,2.500000,0.000000,9000,no
211,SELL,-0.747375,21:07:23.334790837,no,-,-,-,-,0.100000,10.000000,0.796175,2,1,1593,2007,2.500000,0.000000,9000,no
212,SELL,-1.338827,21:07:23.334790837,no,-,-,-,-,0.100000,10.000000,0.796175,2,1,1617,1983,2.500000,0.000000,9000,no
213,SELL,-1.552194,21:07:23.334790837,no,-,-,-,-,0.100000,10.000000,0.796175,2,1,1620,1980,2.500000,0.000000,9000,no
214,SELL,-0.454662,21:07:23.334790837,no,-,-,-,-,0.100000,10.000000,0.796175,2,1,1626,1974,2.500000,0.000000,9000,no
215,SELL,-1.531221,21:07:23.334790837,no,-,-,-,-,0.100000,10.000000,0.796175,2,1,1635,1965,2.500000,0.000000,9000,no
216,SELL,-1.083964,21:07:23.334790837,no,-,-,-,-,0.100000,10.000000,0.796175,2,1,1638,1962,2.500000,0.000000,9000,no
217,SELL,-0.557919,21:07:23.334790837,no,-,-,-,-,0.100000,10.000000,0.796175,2,1,1649,1951,2.500000,0.000000,9000,no
218,SELL,2.019094,21:07:23.334790837,no,-,-,-,-,0.100000,10.000000,0.796175,2,1,4927,-1327,2.500000,0.000000,9000,yes
219,SELL,1.667252,21:07:23.334790837,no,-,-,-,-,0.100000,10.000000,0.796175,2,1,4930,-1330,2.500000,0.000000,9000,yes
220,SELL,2.610418,21:07:23.334790837,no,-,-,-,-,0.100000,10.000000,0.796175,2,1,4935,-1335,2.500000,0.000000,9000,yes
221,SELL,2.914694,21:07:23.334790837,no,-,-,-,-,0.100000,10.000000,0.796175,2,1,4938,-1338,2.500000,0.000000,9000,yes
222,SELL,3.011862,21:07:23.334790837,no,-,-,-,-,0.100000,10.000000,0.796175,2,1,4942,-1342,2.500000,0.000000,9000,yes
223,SELL,2.622002,21:07:23.334790837,no,-,-,-,-,0.100000,10.000000,0.796175,2,1,4946,-1346,2.500000,0.000000,9000,yes
224,SELL,3.175637,21:07:23.334790837,no,-,-,-,-,0.100000,10.000000,0.796175,2,1,4949,-1349,2.500000,0.000000,9000,yes
225,SELL,1.761986,21:07:23.334790837,no,-,-,-,-,0.100000,10.000000,0.796175,2,1,4954,-1354,2.500000,0.000000,9000,yes
226,SELL,1.141005,21:07:23.334790837,no,-,-,-,-,0.100000,10.000000,0.796175,2,1,4957,-1357,2.500000,0.000000,9000,yes
227,SELL,-0.352475,21:07:23.334790837,no,-,-,-,-,0.100000,10.000000,0.796175,2,1,4960,-1360,2.500000,0.000000,9000,yes
228,SELL,0.571495,21:07:23.334790837,no,-,-,-,-,0.100000,10.000000,0.796175,2,1,4965,-1365,2.500000,0.000000,9000,yes
229,SELL,0.325505,21:07:23.334790837,no,-,-,-,-,0.100000,10.000000,0.796175,2,1,4968,-1368,2.500000,0.000000,9000,yes
230,SELL,2.665958,21:07:23.334790837,no,-,-,-,-,0.100000,10.000000,0.796175,2,1,4972,-1372,2.500000,0.000000,9000,yes
231,SELL,1.843518,21:07:23.334790837,no,-,-,-,-,0.100000,10.000000,0.796175,2,1,4977,-1377,2.500000,0.000000,9000,yes
232,SELL,0.601451,21:07:23.334790837,no,-,-,-,-,0.100000,10.000000,0.796175,2,1,4981,-1381,2.500000,0.000000,9000,yes
233,SELL,0.667431,21:07:23.334790837,no,-,-,-,-,0.100000,10.000000,0.796175,2,1,4985,-1385,2.500000,0.000000,9000,yes
234,SELL,-0.355205,21:07:23.334790837,no,-,-,-,-,0.100000,10.000000,0.796175,2,1,4990,-1390,2.500000,0.000000,9000,yes
235,SELL,-0.104643,21:07:23.334790837,no,-,-,-,-,0.100000,10.000000,0.796175,2,1,4994,-1394,2.500000,0.000000,9000,yes
236,SELL,1.240219,21:07:23.334790837,no,-,-,-,-,0.100000,10.000000,0.796175,2,1,4999,-1399,2.500000,0.000000,9000,yes
237,SELL,-0.047629,21:07:23.334790837,no,-,-,-,-,0.100000,10.000000,0.796175,2,1,5004,-1404,2.500000,0.000000,9000,yes
238,SELL,-0.773437,21:07:23.334790837,no,-,-,-,-,0.100000,10.000000,0.796175,2,1,5008,-1408,2.500000,0.000000,9000,yes
239,SELL,-0.225032,21:07:23.334790837,no,-,-,-,-,0.100000,10.000000,0.796175,2,1,5032,-1432,2.500000,0.000000,9000,yes
240,SELL,-1.133239,21:07:23.334790837,no,-,-,-,-,0.100000,10.000000,0.796175,2,1,5035,-1435,2.500000,0.000000,9000,yes
241,SELL,-0.760362,21:07:23.334790837,no,-,-,-,-,0.100000,10.000000,0.796175,2,1,5038,-1438,2.500000,0.000000,9000,yes
242,SELL,-0.237601,21:07:23.334790837,no,-,-,-,-,0.100000,10.000000,0.796175,2,1,5041,-1441,2.500000,0.000000,9000,yes
243,SELL,-0.307464,21:07:23.334790837,no,-,-,-,-,0.100000,10.000000,0.796175,2,1,5049,-1449,2.500000,0.000000,9000,yes
244,SELL,0.529399,21:07:23.334790837,no,-,-,-,-,0.100000,10.000000,0.796175,2,1,11325,-7725,2.500000,0.000000,9000,yes
245,SELL,3.257197,21:07:23.334790837,no,-,-,-,-,0.100000,10.000000,0.796175,2,1,11336,-7736,2.500000,0.000000,9000,yes
246,SELL,4.116894,21:07:23.334790837,no,-,-,-,-,0.100000,10.000000,0.796175,2,1,11348,-7748,2.500000,0.000000,9000,yes
247,SELL,1.217150,21:07:23.334790837,no,-,-,-,-,0.100000,10.000000,0.796175,2,1,11357,-7757,2.500000,0.000000,9000,yes
248,SELL,3.004552,21:07:23.334790837,no,-,-,-,-,0.100000,10.000000,0.796175,2,1,11369,-7769,2.500000,0.000000,9000,yes
249,SELL,4.226205,21:07:23.334790837,no,-,-,-,-,0.100000,10.000000,0.796175,2,1,11379,-7779,2.500000,0.000000,9000,yes
250,SELL,6.997701,21:07:23.334790837,no,-,-,-,-,0.100000,10.000000,0.796175,2,1,11389,-7789,2.500000,0.000000,9000,yes
251,SELL,2.069293,21:07:23.334790837,no,-,-,-,-,0.100000,10.000000,0.796175,2,1,11400,-7800,2.500000,0.000000,9000,yes
252,SELL,0.247282,21:07:23.334790837,no,-,-,-,-,0.100000,10.000000,0.796175,2,1,11412,-7812,2.500000,0.000000,9000,yes
253,SELL,2.907241,21:07:23.334790837,no,-,-,-,-,0.100000,10.000000,0.796175,2,1,11421,-7821,2.500000,0.000000,9000,yes
254,SELL,-0.783545,21:07:23.334790837,no,-,-,-,-,0.100000,10.000000,0.796175,2,1,11432,-7832,2.500000,0.000000,9000,yes
255,SELL,-1.048729,21:07:23.334790837,no,-,-,-,-,0.100000,10.000000,0.796175,2,1,11444,-7844,2.500000,0.000000,9000,yes
256,SELL,-1.589083,21:07:23.334790837,no,-,-,-,-,0.100000,10.000000,0.796175,2,1,11454,-7854,2.500000,0.000000,9000,yes
257,SELL,-0.516047,21:07:23.334790837,no,-,-,-,-,0.100000,10.000000,0.796175,2,1,11464,-7864,2.500000,0.000000,9000,yes
258,SELL,0.982479,21:07:23.334790837,no,-,-,-,-,0.100000,10.000000,0.796175,2,1,11475,-7875,2.500000,0.000000,9000,yes
259,SELL,-0.616534,21:07:23.334790837,no,-,-,-,-,0.100000,10.000000,0.796175,2,1,11486,-7886,2.500000,0.000000,9000,yes
260,SELL,-6.106894,21:07:23.334790837,no,-,-,-,-,0.100000,10.000000,0.796175,2,1,11497,-7897,2.500000,0.000000,9000,yes
261,SELL,-4.331544,21:07:23.334790837,no,-,-,-,-,0.100000,10.000000,0.796175,2,1,11508,-7908,2.500000,0.000000,9000,yes
262,SELL,-0.702998,21:07:23.334790837,no,-,-,-,-,0.100000,10.000000,0.796175,2,1,11517,-7917,2.500000,0.000000,9000,yes
263,SELL,-1.746278,21:07:23.334790837,no,-,-,-,-,0.100000,10.000000,0.796175,2,1,11531,-7931,2.500000,0.000000,9000,yes
264,SELL,2.620219,21:07:23.334790837,no,-,-,-,-,0.100000,10.000000,0.796175,2,1,11542,-7942,2.500000,0.000000,9000,yes
265,SELL,6.045991,21:07:23.334790837,no,-,-,-,-,0.100000,10.000000,0.796175,2,1,11552,-7952,2.500000,0.000000,9000,yes
266,SELL,3.365848,21:07:23.334790837,no,-,-,-,-,0.100000,10.000000,0.796175,2,1,11563,-7963,2.500000,0.000000,9000,yes
267,SELL,5.609885,21:07:23.334790837,no,-,-,-,-,0.100000,10.000000,0.796175,2,1,11574,-7974,2.500000,0.000000,9000,yes
268,SELL,6.049111,21:07:23.334790837,no,-,-,-,-,0.100000,10.000000,0.796175,2,1,11584,-7984,2.500000,0.000000,9000,yes
269,SELL,4.313122,21:07:23.334790837,no,-,-,-,-,0.100000,10.000000,0.796175,2,1,11595,-7995,2.500000,0.000000,9000,yes
270,SELL,5.237856,21:07:23.334790837,no,-,-,-,-,0.100000,10.000000,0.796175,2,1,11606,-8006,2.500000,0.000000,9000,yes
271,SELL,5.253563,21:07:23.334790837,no,-,-,-,-,0.100000,10.000000,0.796175,2,1,11617,-8017,2.500000,0.000000,9000,yes
272,SELL,3.998962,21:07:23.334790837,no,-,-,-,-,0.100000,10.000000,0.796175,2,1,11628,-8028,2.500000,0.000000,9000,yes
273,SELL,4.794681,21:07:23.334790837,no,-,-,-,-,0.100000,10.000000,0.796175,2,1,11639,-8039,2.500000,0.000000,9000,yes
274,SELL,1.221062,21:07:23.334790837,no,-,-,-,-,0.100000,10.000000,0.796175,2,1,11649,-8049,2.500000,0.000000,9000,yes
275,SELL,2.196073,21:07:23.334790837,no,-,-,-,-,0.100000,10.000000,0.796175,2,1,11660,-8060,2.500000,0.000000,9000,yes
276,SELL,0.211866,21:07:23.334790837,no,-,-,-,-,0.100000,10.000000,0.796175,2,1,11670,-8070,2.500000,0.000000,9000,yes
277,SELL,-3.613013,21:07:23.334790837,no,-,-,-,-,0.100000,10.000000,0.796175,2,1,11681,-8081,2.500000,0.000000,9000,yes
278,SELL,-0.276370,21:07:23.334790837,no,-,-,-,-,0.100000,10.000000,0.796175,2,1,11691,-8091,2.500000,0.000000,9000,yes
279,SELL,-0.141608,21:07:23.334790837,no,-,-,-,-,0.100000,10.000000,0.796175,2,1,11702,-8102,2.500000,0.000000,9000,yes
280,SELL,0.271329,21:07:23.334790837,no,-,-,-,-,0.100000,10.000000,0.796175,2,1,11712,-8112,2.500000,0.000000,9000,yes
281,SELL,1.513726,21:07:23.334790837,no,-,-,-,-,0.100000,10.000000,0.796175,2,1,11723,-8123,2.500000,0.000000,9000,yes
282,SELL,2.860160,21:07:23.334790837,no,-,-,-,-,0.100000,10.000000,0.796175,2,1,11733,-8133,2.500000,0.000000,9000,yes
283,SELL,0.535281,21:07:23.334790837,no,-,-,-,-,0.100000,10.000000,0.796175,2,1,11744,-8144,2.500000,0.000000,9000,yes
284,SELL,3.318155,21:07:23.334790837,no,-,-,-,-,0.100000,10.000000,0.796175,2,1,11754,-8154,2.500000,0.000000,9000,yes
285,SELL,5.464594,21:07:23.334790837,no,-,-,-,-,0.100000,10.000000,0.796175,2,1,11765,-8165,2.500000,0.000000,9000,yes
286,SELL,4.596484,21:07:23.334790837,no,-,-,-,-,0.100000,10.000000,0.796175,2,1,11777,-8177,2.500000,0.000000,9000,yes
287,SELL,6.105180,21:07:23.334790837,no,-,-,-,-,0.100000,10.000000,0.796175,2,1,11786,-8186,2.500000,0.000000,9000,yes
288,SELL,7.125394,21:07:23.334790837,no,-,-,-,-,0.100000,10.000000,0.796175,2,1,11796,-8196,2.500000,0.000000,9000,yes
289,SELL,8.695742,21:07:23.334790837,no,-,-,-,-,0.100000,10.000000,0.796175,2,1,11808,-8208,2.500000,0.000000,9000,yes
290,SELL,8.033987,21:07:23.334790837,no,-,-,-,-,0.100000,10.000000,0.796175,2,1,11819,-8219,2.500000,0.000000,9000,yes
291,SELL,7.932186,21:07:23.334790837,no,-,-,-,-,0.100000,10.000000,0.796175,2,1,11829,-8229,2.500000,0.000000,9000,yes
292,SELL,4.989472,21:07:23.334790837,no,-,-,-,-,0.100000,10.000000,0.796175,2,1,11839,-8239,2.500000,0.000000,9000,yes
293,SELL,6.262922,21:07:23.334790837,no,-,-,-,-,0.100000,10.000000,0.796175,2,1,11849,-8249,2.500000,0.000000,9000,yes
294,SELL,5.696992,21:07:23.334790837,no,-,-,-,-,0.100000,10.000000,0.796175,2,1,11860,-8260,2.500000,0.000000,9000,yes
295,SELL,4.277750,21:07:23.334790837,no,-,-,-,-,0.100000,10.000000,0.796175,2,1,11871,-8271,2.500000,0.000000,9000,yes
296,SELL,5.812581,21:07:23.334790837,no,-,-,-,-,0.100000,10.000000,0.796175,2,1,11932,-8332,2.500000,0.000000,9000,yes
297,SELL,4.513936,21:07:23.334790837,no,-,-,-,-,0.100000,10.000000,0.796175,2,1,11938,-8338,2.500000,0.000000,9000,yes
298,SELL,6.523264,21:07:23.334790837,no,-,-,-,-,0.100000,10.000000,0.796175,2,1,11944,-8344,2.500000,0.000000,9000,yes
299,SELL,4.273644,21:07:23.334790837,no,-,-,-,-,0.100000,10.000000,0.796175,2,1,11954,-8354,2.500000,0.000000,9000,yes
300,SELL,6.016873,21:07:23.334790837,no,-,-,-,-,0.100000,10.000000,0.796175,2,1,11964,-8364,2.500000,0.000000,9000,yes
301,SELL,7.561205,21:07:23.334790837,no,-,-,-,-,0.100000,10.000000,0.796175,2,1,11975,-8375,2.500000,0.000000,9000,yes
302,SELL,7.578457,21:07:23.334790837,no,-,-,-,-,0.100000,10.000000,0.796175,2,1,11986,-8386,2.500000,0.000000,9000,yes
303,SELL,7.595605,21:07:23.334790837,no,-,-,-,-,0.100000,10.000000,0.796175,2,1,11996,-8396,2.500000,0.000000,9000,yes
304,SELL,7.488819,21:07:23.334790837,no,-,-,-,-,0.100000,10.000000,0.796175,2,1,12007,-8407,2.500000,0.000000,9000,yes
305,SELL,10.138885,21:07:23.334790837,no,-,-,-,-,0.100000,10.000000,0.796175,2,1,12018,-8418,2.500000,0.000000,9000,yes
306,SELL,9.719707,21:07:23.334790837,no,-,-,-,-,0.100000,10.000000,0.796175,2,1,12028,-8428,2.500000,0.000000,9000,yes
307,SELL,8.124754,21:07:23.334790837,no,-,-,-,-,0.100000,10.000000,0.796175,2,1,12038,-8438,2.500000,0.000000,9000,yes
308,SELL,9.218903,21:07:23.334790837,no,-,-,-,-,0.100000,10.000000,0.796175,2,1,12049,-8449,2.500000,0.000000,9000,yes
309,SELL,8.580463,21:07:23.334790837,no,-,-,-,-,0.100000,10.000000,0.796175,2,1,18250,-14650,2.500000,0.000000,9000,yes
310,SELL,2.636234,21:07:23.334790837,no,-,-,-,-,0.100000,10.000000,0.796175,2,1,18254,-14654,2.500000,0.000000,9000,yes
