轮数,方向,预测值,算法开始时间,是否下单,下单价格,档位,下单量,下单耗时(从预测到下单),r1,r2,std,freq,qty_scalar,经过时间,剩余时间,目标速度,实际速度,剩余量,是否为最后一轮
1,SELL,-0.034703,21:07:23.335891170,no,-,-,-,-,0.909091,1.100000,0.633553,2,1,332,3268,6.250000,0.000000,22500,no
2,SELL,-0.048863,21:07:23.335891170,no,-,-,-,-,0.826446,1.210000,0.633553,2,1,336,3264,6.250000,0.000000,22500,no
3,SELL,-0.164693,21:07:23.335891170,no,-,-,-,-,0.751315,1.331000,0.633553,2,1,339,3261,6.250000,0.000000,22500,no
4,SELL,0.024661,21:07:23.335891170,no,-,-,-,-,0.683013,1.464100,0.633553,2,1,343,3257,6.250000,0.000000,22500,no
5,SELL,-0.036236,21:07:23.335891170,no,-,-,-,-,0.620921,1.610510,0.633553,2,1,347,3253,6.250000,0.000000,22500,no
6,SELL,-0.133109,21:07:23.335891170,no,-,-,-,-,0.564474,1.771561,0.633553,2,1,351,3249,6.250000,0.000000,22500,no
7,SELL,-0.107297,21:07:23.335891170,no,-,-,-,-,0.513158,1.948717,0.633553,2,1,356,3244,6.250000,0.000000,22500,no
8,SELL,-0.228785,21:07:23.335891170,no,-,-,-,-,0.466507,2.143589,0.633553,2,1,360,3240,6.250000,0.000000,22500,no
9,SELL,-0.117218,21:07:23.335891170,no,-,-,-,-,0.424098,2.357948,0.633553,2,1,363,3237,6.250000,0.000000,22500,no
10,SELL,-0.232107,21:07:23.335891170,no,-,-,-,-,0.385543,2.593742,0.633553,2,1,367,3233,6.250000,0.000000,22500,no
11,SELL,0.290456,21:07:23.335891170,no,-,-,-,-,0.350494,2.853117,0.633553,2,1,370,3230,6.250000,0.000000,22500,no
12,SELL,0.241576,21:07:23.335891170,no,-,-,-,-,0.318631,3.138428,0.633553,2,1,373,3227,6.250000,0.000000,22500,no
13,SELL,0.139970,21:07:23.335891170,no,-,-,-,-,0.289664,3.452271,0.633553,2,1,377,3223,6.250000,0.000000,22500,no
14,SELL,0.166782,21:07:23.335891170,no,-,-,-,-,0.263331,3.797498,0.633553,2,1,381,3219,6.250000,0.000000,22500,no
15,SELL,-0.351832,21:07:23.335891170,no,-,-,-,-,0.239392,4.177248,0.633553,2,1,383,3217,6.250000,0.000000,22500,no
16,SELL,-0.287108,21:07:23.335891170,no,-,-,-,-,0.217629,4.594973,0.633553,2,1,388,3212,6.250000,0.000000,22500,no
17,SELL,0.071213,21:07:23.335891170,no,-,-,-,-,0.197845,5.054470,0.633553,2,1,392,3208,6.250000,0.000000,22500,no
18,SELL,0.163062,21:07:23.335891170,no,-,-,-,-,0.179859,5.559917,0.633553,2,1,397,3203,6.250000,0.000000,22500,no
19,SELL,0.287997,21:07:23.335891170,no,-,-,-,-,0.163508,6.115909,0.633553,2,1,399,3201,6.250000,0.000000,22500,no
20,SELL,-0.127386,21:07:23.335891170,no,-,-,-,-,0.148644,6.727500,0.633553,2,1,402,3198,6.250000,0.000000,22500,no
21,SELL,1.512623,21:07:23.335891170,no,-,-,-,-,0.135131,7.400250,0.633553,2,1,407,3193,6.250000,0.000000,22500,no
22,SELL,0.582853,21:07:23.335891170,no,-,-,-,-,0.122846,8.140275,0.633553,2,1,410,3190,6.250000,0.000000,22500,no
23,SELL,0.453727,21:07:23.335891170,no,-,-,-,-,0.111678,8.954302,0.633553,2,1,412,3188,6.250000,0.000000,22500,no
24,SELL,0.690226,21:07:23.335891170,no,-,-,-,-,0.101526,9.849733,0.633553,2,1,417,3183,6.250000,0.000000,22500,no
25,SELL,-0.760376,21:07:23.335891170,no,-,-,-,-,0.100000,10.000000,0.633553,2,1,422,3178,6.250000,0.000000,22500,no
26,SELL,-0.822845,21:07:23.335891170,no,-,-,-,-,0.100000,10.000000,0.633553,2,1,427,3173,6.250000,0.000000,22500,no
27,SELL,-0.720487,21:07:23.335891170,no,-,-,-,-,0.100000,10.000000,0.633553,2,1,432,3168,6.250000,0.000000,22500,no
28,SELL,-0.779791,21:07:23.335891170,no,-,-,-,-,0.100000,10.000000,0.633553,2,1,438,3162,6.250000,0.000000,22500,no
29,SELL,-0.219486,21:07:23.335891170,no,-,-,-,-,0.100000,10.000000,0.633553,2,1,442,3158,6.250000,0.000000,22500,no
30,SELL,-0.204685,21:07:23.335891170,no,-,-,-,-,0.100000,10.000000,0.633553,2,1,445,3155,6.250000,0.000000,22500,no
31,SELL,-0.144363,21:07:23.335891170,no,-,-,-,-,0.100000,10.000000,0.633553,2,1,448,3152,6.250000,0.000000,22500,no
32,SELL,-0.512585,21:07:23.335891170,no,-,-,-,-,0.100000,10.000000,0.633553,2,1,452,3148,6.250000,0.000000,22500,no
33,SELL,0.021099,21:07:23.335891170,no,-,-,-,-,0.100000,10.000000,0.633553,2,1,457,3143,6.250000,0.000000,22500,no
34,SELL,-0.024675,21:07:23.335891170,no,-,-,-,-,0.100000,10.000000,0.633553,2,1,461,3139,6.250000,0.000000,22500,no
35,SELL,0.297572,21:07:23.335891170,no,-,-,-,-,0.100000,10.000000,0.633553,2,1,464,3136,6.250000,0.000000,22500,no
36,SELL,0.593479,21:07:23.335891170,no,-,-,-,-,0.100000,10.000000,0.633553,2,1,467,3133,6.250000,0.000000,22500,no
37,SELL,0.112762,21:07:23.335891170,no,-,-,-,-,0.100000,10.000000,0.633553,2,1,471,3129,6.250000,0.000000,22500,no
38,SELL,-0.676144,21:07:23.335891170,no,-,-,-,-,0.100000,10.000000,0.633553,2,1,475,3125,6.250000,0.000000,22500,no
39,SELL,-0.581000,21:07:23.335891170,no,-,-,-,-,0.100000,10.000000,0.633553,2,1,480,3120,6.250000,0.000000,22500,no
40,SELL,-0.617138,21:07:23.335891170,no,-,-,-,-,0.100000,10.000000,0.633553,2,1,483,3117,6.250000,0.000000,22500,no
41,SELL,-0.986815,21:07:23.335891170,no,-,-,-,-,0.100000,10.000000,0.633553,2,1,487,3113,6.250000,0.000000,22500,no
42,SELL,0.344602,21:07:23.335891170,no,-,-,-,-,0.100000,10.000000,0.633553,2,1,490,3110,6.250000,0.000000,22500,no
43,SELL,0.777553,21:07:23.335891170,no,-,-,-,-,0.100000,10.000000,0.633553,2,1,495,3105,6.250000,0.000000,22500,no
44,SELL,0.493335,21:07:23.335891170,no,-,-,-,-,0.100000,10.000000,0.633553,2,1,501,3099,6.250000,0.000000,22500,no
45,SELL,-0.680720,21:07:23.335891170,no,-,-,-,-,0.100000,10.000000,0.633553,2,1,505,3095,6.250000,0.000000,22500,no
46,SELL,-0.503675,21:07:23.335891170,no,-,-,-,-,0.100000,10.000000,0.633553,2,1,509,3091,6.250000,0.000000,22500,no
47,SELL,0.127890,21:07:23.335891170,no,-,-,-,-,0.100000,10.000000,0.633553,2,1,514,3086,6.250000,0.000000,22500,no
48,SELL,0.029499,21:07:23.335891170,no,-,-,-,-,0.100000,10.000000,0.633553,2,1,518,3082,6.250000,0.000000,22500,no
49,SELL,-0.352576,21:07:23.335891170,no,-,-,-,-,0.100000,10.000000,0.633553,2,1,522,3078,6.250000,0.000000,22500,no
50,SELL,-0.824707,21:07:23.335891170,no,-,-,-,-,0.100000,10.000000,0.633553,2,1,528,3072,6.250000,0.000000,22500,no
51,SELL,-0.770474,21:07:23.335891170,no,-,-,-,-,0.100000,10.000000,0.633553,2,1,530,3070,6.250000,0.000000,22500,no
52,SELL,-1.034510,21:07:23.335891170,no,-,-,-,-,0.100000,10.000000,0.633553,2,1,535,3065,6.250000,0.000000,22500,no
53,SELL,-1.002873,21:07:23.335891170,no,-,-,-,-,0.100000,10.000000,0.633553,2,1,539,3061,6.250000,0.000000,22500,no
54,SELL,-1.213055,21:07:23.335891170,no,-,-,-,-,0.100000,10.000000,0.633553,2,1,546,3054,6.250000,0.000000,22500,no
55,SELL,-0.805963,21:07:23.335891170,no,-,-,-,-,0.100000,10.000000,0.633553,2,1,554,3046,6.250000,0.000000,22500,no
56,SELL,0.481392,21:07:23.335891170,no,-,-,-,-,0.100000,10.000000,0.633553,2,1,557,3043,6.250000,0.000000,22500,no
57,SELL,-0.186086,21:07:23.335891170,no,-,-,-,-,0.100000,10.000000,0.633553,2,1,563,3037,6.250000,0.000000,22500,no
58,SELL,-0.204085,21:07:23.335891170,no,-,-,-,-,0.100000,10.000000,0.633553,2,1,568,3032,6.250000,0.000000,22500,no
59,SELL,-0.208233,21:07:23.335891170,no,-,-,-,-,0.100000,10.000000,0.633553,2,1,571,3029,6.250000,0.000000,22500,no
60,SELL,0.084939,21:07:23.335891170,no,-,-,-,-,0.100000,10.000000,0.633553,2,1,576,3024,6.250000,0.000000,22500,no
61,SELL,0.022966,21:07:23.335891170,no,-,-,-,-,0.100000,10.000000,0.633553,2,1,579,3021,6.250000,0.000000,22500,no
62,SELL,-0.307502,21:07:23.335891170,no,-,-,-,-,0.100000,10.000000,0.633553,2,1,583,3017,6.250000,0.000000,22500,no
63,SELL,-0.215965,21:07:23.335891170,no,-,-,-,-,0.100000,10.000000,0.633553,2,1,587,3013,6.250000,0.000000,22500,no
64,SELL,-0.406812,21:07:23.335891170,no,-,-,-,-,0.100000,10.000000,0.633553,2,1,592,3008,6.250000,0.000000,22500,no
65,SELL,-0.658608,21:07:23.335891170,no,-,-,-,-,0.100000,10.000000,0.633553,2,1,595,3005,6.250000,0.000000,22500,no
66,SELL,-0.185964,21:07:23.335891170,no,-,-,-,-,0.100000,10.000000,0.633553,2,1,600,3000,6.250000,0.000000,22500,no
67,SELL,-0.411280,21:07:23.335891170,no,-,-,-,-,0.100000,10.000000,0.633553,2,1,605,2995,6.250000,0.000000,22500,no
68,SELL,0.681053,21:07:23.335891170,no,-,-,-,-,0.100000,10.000000,0.633553,2,1,608,2992,6.250000,0.000000,22500,no
69,SELL,0.412958,21:07:23.335891170,no,-,-,-,-,0.100000,10.000000,0.633553,2,1,611,2989,6.250000,0.000000,22500,no
70,SELL,0.837703,21:07:23.335891170,no,-,-,-,-,0.100000,10.000000,0.633553,2,1,615,2985,6.250000,0.000000,22500,no
71,SELL,1.025545,21:07:23.335891170,no,-,-,-,-,0.100000,10.000000,0.633553,2,1,618,2982,6.250000,0.000000,22500,no
72,SELL,0.094043,21:07:23.335891170,no,-,-,-,-,0.100000,10.000000,0.633553,2,1,621,2979,6.250000,0.000000,22500,no
73,SELL,-0.806417,21:07:23.335891170,no,-,-,-,-,0.100000,10.000000,0.633553,2,1,625,2975,6.250000,0.000000,22500,no
74,SELL,0.103769,21:07:23.335891170,no,-,-,-,-,0.100000,10.000000,0.633553,2,1,630,2970,6.250000,0.000000,22500,no
75,SELL,0.275713,21:07:23.335891170,no,-,-,-,-,0.100000,10.000000,0.633553,2,1,634,2966,6.250000,0.000000,22500,no
76,SELL,0.125691,21:07:23.335891170,no,-,-,-,-,0.100000,10.000000,0.633553,2,1,637,2963,6.250000,0.000000,22500,no
77,SELL,-0.295633,21:07:23.335891170,no,-,-,-,-,0.100000,10.000000,0.633553,2,1,642,2958,6.250000,0.000000,22500,no
78,SELL,-0.178102,21:07:23.335891170,no,-,-,-,-,0.100000,10.000000,0.633553,2,1,645,2955,6.250000,0.000000,22500,no
79,SELL,0.042222,21:07:23.335891170,no,-,-,-,-,0.100000,10.000000,0.633553,2,1,648,2952,6.250000,0.000000,22500,no
80,SELL,0.052822,21:07:23.335891170,no,-,-,-,-,0.100000,10.000000,0.633553,2,1,652,2948,6.250000,0.000000,22500,no
81,SELL,0.090203,21:07:23.335891170,no,-,-,-,-,0.100000,10.000000,0.633553,2,1,655,2945,6.250000,0.000000,22500,no
82,SELL,-0.478796,21:07:23.335891170,no,-,-,-,-,0.100000,10.000000,0.633553,2,1,659,2941,6.250000,0.000000,22500,no
83,SELL,0.221981,21:07:23.335891170,no,-,-,-,-,0.100000,10.000000,0.633553,2,1,663,2937,6.250000,0.000000,22500,no
84,SELL,0.158750,21:07:23.335891170,no,-,-,-,-,0.100000,10.000000,0.633553,2,1,668,2932,6.250000,0.000000,22500,no
85,SELL,0.411500,21:07:23.335891170,no,-,-,-,-,0.100000,10.000000,0.633553,2,1,670,2930,6.250000,0.000000,22500,no
86,SELL,0.704134,21:07:23.335891170,no,-,-,-,-,0.100000,10.000000,0.633553,2,1,673,2927,6.250000,0.000000,22500,no
87,SELL,0.518283,21:07:23.335891170,no,-,-,-,-,0.100000,10.000000,0.633553,2,1,677,2923,6.250000,0.000000,22500,no
88,SELL,0.401545,21:07:23.335891170,no,-,-,-,-,0.100000,10.000000,0.633553,2,1,680,2920,6.250000,0.000000,22500,no
89,SELL,0.510824,21:07:23.335891170,no,-,-,-,-,0.100000,10.000000,0.633553,2,1,684,2916,6.250000,0.000000,22500,no
90,SELL,0.187709,21:07:23.335891170,no,-,-,-,-,0.100000,10.000000,0.633553,2,1,687,2913,6.250000,0.000000,22500,no
91,SELL,0.291549,21:07:23.335891170,no,-,-,-,-,0.100000,10.000000,0.633553,2,1,690,2910,6.250000,0.000000,22500,no
92,SELL,0.340331,21:07:23.335891170,no,-,-,-,-,0.100000,10.000000,0.633553,2,1,694,2906,6.250000,0.000000,22500,no
93,SELL,0.474151,21:07:23.335891170,no,-,-,-,-,0.100000,10.000000,0.633553,2,1,697,2903,6.250000,0.000000,22500,no
94,SELL,0.265789,21:07:23.335891170,no,-,-,-,-,0.100000,10.000000,0.633553,2,1,702,2898,6.250000,0.000000,22500,no
95,SELL,-0.793681,21:07:23.335891170,no,-,-,-,-,0.100000,10.000000,0.633553,2,1,705,2895,6.250000,0.000000,22500,no
96,SELL,-1.212551,21:07:23.335891170,no,-,-,-,-,0.100000,10.000000,0.633553,2,1,707,2893,6.250000,0.000000,22500,no
97,SELL,-0.022249,21:07:23.335891170,no,-,-,-,-,0.100000,10.000000,0.633553,2,1,711,2889,6.250000,0.000000,22500,no
98,SELL,-0.075258,21:07:23.335891170,no,-,-,-,-,0.100000,10.000000,0.633553,2,1,714,2886,6.250000,0.000000,22500,no
99,SELL,0.719147,21:07:23.335891170,no,-,-,-,-,0.100000,10.000000,0.633553,2,1,716,2884,6.250000,0.000000,22500,no
100,SELL,1.186494,21:07:23.335891170,no,-,-,-,-,0.100000,10.000000,0.633553,2,1,719,2881,6.250000,0.000000,22500,no
101,SELL,0.933437,21:07:23.335891170,no,-,-,-,-,0.100000,10.000000,0.633553,2,1,723,2877,6.250000,0.000000,22500,no
102,SELL,1.602491,21:07:23.335891170,no,-,-,-,-,0.100000,10.000000,0.633553,2,1,726,2874,6.250000,0.000000,22500,no
103,SELL,0.983935,21:07:23.335891170,no,-,-,-,-,0.100000,10.000000,0.633553,2,1,730,2870,6.250000,0.000000,22500,no
104,SELL,0.683627,21:07:23.335891170,no,-,-,-,-,0.100000,10.000000,0.633553,2,1,734,2866,6.250000,0.000000,22500,no
105,SELL,0.424975,21:07:23.335891170,no,-,-,-,-,0.100000,10.000000,0.633553,2,1,739,2861,6.250000,0.000000,22500,no
106,SELL,-0.478670,21:07:23.335891170,no,-,-,-,-,0.100000,10.000000,0.633553,2,1,744,2856,6.250000,0.000000,22500,no
107,SELL,-0.514999,21:07:23.335891170,no,-,-,-,-,0.100000,10.000000,0.633553,2,1,756,2844,6.250000,0.000000,22500,no
108,SELL,-0.303227,21:07:23.335891170,no,-,-,-,-,0.100000,10.000000,0.633553,2,1,759,2841,6.250000,0.000000,22500,no
109,SELL,-0.151494,21:07:23.335891170,no,-,-,-,-,0.100000,10.000000,0.633553,2,1,764,2836,6.250000,0.000000,22500,no
110,SELL,-0.401942,21:07:23.335891170,no,-,-,-,-,0.100000,10.000000,0.633553,2,1,767,2833,6.250000,0.000000,22500,no
111,SELL,1.419824,21:07:23.335891170,no,-,-,-,-,0.100000,10.000000,0.633553,2,1,771,2829,6.250000,0.000000,22500,no
112,SELL,0.987641,21:07:23.335891170,no,-,-,-,-,0.100000,10.000000,0.633553,2,1,774,2826,6.250000,0.000000,22500,no
113,SELL,1.063334,21:07:23.335891170,no,-,-,-,-,0.100000,10.000000,0.633553,2,1,777,2823,6.250000,0.000000,22500,no
114,SELL,0.685686,21:07:23.335891170,no,-,-,-,-,0.100000,10.000000,0.633553,2,1,782,2818,6.250000,0.000000,22500,no
115,SELL,0.900377,21:07:23.335891170,no,-,-,-,-,0.100000,10.000000,0.633553,2,1,785,2815,6.250000,0.000000,22500,no
116,SELL,0.833202,21:07:23.335891170,no,-,-,-,-,0.100000,10.000000,0.633553,2,1,787,2813,6.250000,0.000000,22500,no
117,SELL,1.558887,21:07:23.335891170,no,-,-,-,-,0.100000,10.000000,0.633553,2,1,790,2810,6.250000,0.000000,22500,no
118,SELL,0.827984,21:07:23.335891170,no,-,-,-,-,0.100000,10.000000,0.633553,2,1,793,2807,6.250000,0.000000,22500,no
119,SELL,0.852249,21:07:23.335891170,no,-,-,-,-,0.100000,10.000000,0.633553,2,1,796,2804,6.250000,0.000000,22500,no
120,SELL,1.126244,21:07:23.335891170,no,-,-,-,-,0.100000,10.000000,0.633553,2,1,799,2801,6.250000,0.000000,22500,no
121,SELL,0.995798,21:07:23.335891170,no,-,-,-,-,0.100000,10.000000,0.633553,2,1,804,2796,6.250000,0.000000,22500,no
122,SELL,1.376889,21:07:23.335891170,no,-,-,-,-,0.100000,10.000000,0.633553,2,1,808,2792,6.250000,0.000000,22500,no
123,SELL,1.364310,21:07:23.335891170,no,-,-,-,-,0.100000,10.000000,0.633553,2,1,810,2790,6.250000,0.000000,22500,no
124,SELL,1.366361,21:07:23.335891170,no,-,-,-,-,0.100000,10.000000,0.633553,2,1,814,2786,6.250000,0.000000,22500,no
125,SELL,0.826451,21:07:23.335891170,no,-,-,-,-,0.100000,10.000000,0.633553,2,1,819,2781,6.250000,0.000000,22500,no
126,SELL,0.745204,21:07:23.335891170,no,-,-,-,-,0.100000,10.000000,0.633553,2,1,822,2778,6.250000,0.000000,22500,no
127,SELL,0.672217,21:07:23.335891170,no,-,-,-,-,0.100000,10.000000,0.633553,2,1,825,2775,6.250000,0.000000,22500,no
128,SELL,0.951573,21:07:23.335891170,no,-,-,-,-,0.100000,10.000000,0.633553,2,1,829,2771,6.250000,0.000000,22500,no
129,SELL,1.401220,21:07:23.335891170,no,-,-,-,-,0.100000,10.000000,0.633553,2,1,832,2768,6.250000,0.000000,22500,no
130,SELL,1.443820,21:07:23.335891170,no,-,-,-,-,0.100000,10.000000,0.633553,2,1,835,2765,6.250000,0.000000,22500,no
131,SELL,0.577902,21:07:23.335891170,no,-,-,-,-,0.100000,10.000000,0.633553,2,1,838,2762,6.250000,0.000000,22500,no
132,SELL,0.410166,21:07:23.335891170,no,-,-,-,-,0.100000,10.000000,0.633553,2,1,841,2759,6.250000,0.000000,22500,no
133,SELL,0.980102,21:07:23.335891170,no,-,-,-,-,0.100000,10.000000,0.633553,2,1,844,2756,6.250000,0.000000,22500,no
134,SELL,0.556685,21:07:23.335891170,no,-,-,-,-,0.100000,10.000000,0.633553,2,1,848,2752,6.250000,0.000000,22500,no
135,SELL,0.833447,21:07:23.335891170,no,-,-,-,-,0.100000,10.000000,0.633553,2,1,851,2749,6.250000,0.000000,22500,no
136,SELL,0.886714,21:07:23.335891170,no,-,-,-,-,0.100000,10.000000,0.633553,2,1,855,2745,6.250000,0.000000,22500,no
137,SELL,0.560262,21:07:23.335891170,no,-,-,-,-,0.100000,10.000000,0.633553,2,1,858,2742,6.250000,0.000000,22500,no
138,SELL,0.659548,21:07:23.335891170,no,-,-,-,-,0.100000,10.000000,0.633553,2,1,861,2739,6.250000,0.000000,22500,no
139,SELL,0.707480,21:07:23.335891170,no,-,-,-,-,0.100000,10.000000,0.633553,2,1,863,2737,6.250000,0.000000,22500,no
140,SELL,1.247956,21:07:23.335891170,no,-,-,-,-,0.100000,10.000000,0.633553,2,1,867,2733,6.250000,0.000000,22500,no
141,SELL,0.944817,21:07:23.335891170,no,-,-,-,-,0.100000,10.000000,0.633553,2,1,871,2729,6.250000,0.000000,22500,no
142,SELL,0.343849,21:07:23.335891170,no,-,-,-,-,0.100000,10.000000,0.633553,2,1,876,2724,6.250000,0.000000,22500,no
143,SELL,0.444850,21:07:23.335891170,no,-,-,-,-,0.100000,10.000000,0.633553,2,1,878,2722,6.250000,0.000000,22500,no
144,SELL,0.115415,21:07:23.335891170,no,-,-,-,-,0.100000,10.000000,0.633553,2,1,882,2718,6.250000,0.000000,22500,no
145,SELL,0.262214,21:07:23.335891170,no,-,-,-,-,0.100000,10.000000,0.633553,2,1,885,2715,6.250000,0.000000,22500,no
146,SELL,0.464120,21:07:23.335891170,no,-,-,-,-,0.100000,10.000000,0.633553,2,1,888,2712,6.250000,0.000000,22500,no
147,SELL,0.151983,21:07:23.335891170,no,-,-,-,-,0.100000,10.000000,0.633553,2,1,896,2704,6.250000,0.000000,22500,no
148,SELL,0.088854,21:07:23.335891170,no,-,-,-,-,0.100000,10.000000,0.633553,2,1,898,2702,6.250000,0.000000,22500,no
149,SELL,0.213752,21:07:23.335891170,no,-,-,-,-,0.100000,10.000000,0.633553,2,1,902,2698,6.250000,0.000000,22500,no
150,SELL,0.656725,21:07:23.335891170,no,-,-,-,-,0.100000,10.000000,0.633553,2,1,905,2695,6.250000,0.000000,22500,no
151,SELL,0.341318,21:07:23.335891170,no,-,-,-,-,0.100000,10.000000,0.633553,2,1,908,2692,6.250000,0.000000,22500,no
152,SELL,0.336900,21:07:23.335891170,no,-,-,-,-,0.100000,10.000000,0.633553,2,1,910,2690,6.250000,0.000000,22500,no
153,SELL,-0.563742,21:07:23.335891170,no,-,-,-,-,0.100000,10.000000,0.633553,2,1,1190,2410,6.250000,0.000000,22500,no
154,SELL,0.132421,21:07:23.335891170,no,-,-,-,-,0.100000,10.000000,0.633553,2,1,1194,2406,6.250000,0.000000,22500,no
155,SELL,0.157594,21:07:23.335891170,no,-,-,-,-,0.100000,10.000000,0.633553,2,1,1198,2402,6.250000,0.000000,22500,no
156,SELL,0.008633,21:07:23.335891170,no,-,-,-,-,0.100000,10.000000,0.633553,2,1,1202,2398,6.250000,0.000000,22500,no
157,SELL,-0.070525,21:07:23.335891170,no,-,-,-,-,0.100000,10.000000,0.633553,2,1,1206,2394,6.250000,0.000000,22500,no
158,SELL,-0.092259,21:07:23.335891170,no,-,-,-,-,0.100000,10.000000,0.633553,2,1,1214,2386,6.250000,0.000000,22500,no
159,SELL,-0.958800,21:07:23.335891170,no,-,-,-,-,0.100000,10.000000,0.633553,2,1,1220,2380,6.250000,0.000000,22500,no
160,SELL,-1.162221,21:07:23.335891170,no,-,-,-,-,0.100000,10.000000,0.633553,2,1,1226,2374,6.250000,0.000000,22500,no
161,SELL,-0.447308,21:07:23.335891170,no,-,-,-,-,0.100000,10.000000,0.633553,2,1,1231,2369,6.250000,0.000000,22500,no
162,SELL,-0.403155,21:07:23.335891170,no,-,-,-,-,0.100000,10.000000,0.633553,2,1,1234,2366,6.250000,0.000000,22500,no
163,SELL,-0.313246,21:07:23.335891170,no,-,-,-,-,0.100000,10.000000,0.633553,2,1,1238,2362,6.250000,0.000000,22500,no
164,SELL,-0.328169,21:07:23.335891170,no,-,-,-,-,0.100000,10.000000,0.633553,2,1,1242,2358,6.250000,0.000000,22500,no
165,SELL,-0.363838,21:07:23.335891170,no,-,-,-,-,0.100000,10.000000,0.633553,2,1,1248,2352,6.250000,0.000000,22500,no
166,SELL,-0.474563,21:07:23.335891170,no,-,-,-,-,0.100000,10.000000,0.633553,2,1,1252,2348,6.250000,0.000000,22500,no
167,SELL,-0.564211,21:07:23.335891170,no,-,-,-,-,0.100000,10.000000,0.633553,2,1,1255,2345,6.250000,0.000000,22500,no
168,SELL,-0.418535,21:07:23.335891170,no,-,-,-,-,0.100000,10.000000,0.633553,2,1,1259,2341,6.250000,0.000000,22500,no
169,SELL,-0.645624,21:07:23.335891170,no,-,-,-,-,0.100000,10.000000,0.633553,2,1,1264,2336,6.250000,0.000000,22500,no
170,SELL,-0.053197,21:07:23.335891170,no,-,-,-,-,0.100000,10.000000,0.633553,2,1,1269,2331,6.250000,0.000000,22500,no
171,SELL,-0.403591,21:07:23.335891170,no,-,-,-,-,0.100000,10.000000,0.633553,2,1,1272,2328,6.250000,0.000000,22500,no
172,SELL,-0.337107,21:07:23.335891170,no,-,-,-,-,0.100000,10.000000,0.633553,2,1,1275,2325,6.250000,0.000000,22500,no
173,SELL,-0.371431,21:07:23.335891170,no,-,-,-,-,0.100000,10.000000,0.633553,2,1,1279,2321,6.250000,0.000000,22500,no
174,SELL,-0.437416,21:07:23.335891170,no,-,-,-,-,0.100000,10.000000,0.633553,2,1,1283,2317,6.250000,0.000000,22500,no
175,SELL,0.081061,21:07:23.335891170,no,-,-,-,-,0.100000,10.000000,0.633553,2,1,1287,2313,6.250000,0.000000,22500,no
176,SELL,0.093456,21:07:23.335891170,no,-,-,-,-,0.100000,10.000000,0.633553,2,1,1292,2308,6.250000,0.000000,22500,no
177,SELL,-0.189532,21:07:23.335891170,no,-,-,-,-,0.100000,10.000000,0.633553,2,1,1297,2303,6.250000,0.000000,22500,no
178,SELL,0.072942,21:07:23.335891170,no,-,-,-,-,0.100000,10.000000,0.633553,2,1,1304,2296,6.250000,0.000000,22500,no
179,SELL,0.332034,21:07:23.335891170,no,-,-,-,-,0.100000,10.000000,0.633553,2,1,1309,2291,6.250000,0.000000,22500,no
180,SELL,-0.282950,21:07:23.335891170,no,-,-,-,-,0.100000,10.000000,0.633553,2,1,1313,2287,6.250000,0.000000,22500,no
181,SELL,-0.398354,21:07:23.335891170,no,-,-,-,-,0.100000,10.000000,0.633553,2,1,1316,2284,6.250000,0.000000,22500,no
182,SELL,-0.557485,21:07:23.335891170,no,-,-,-,-,0.100000,10.000000,0.633553,2,1,1320,2280,6.250000,0.000000,22500,no
183,SELL,-0.028083,21:07:23.335891170,no,-,-,-,-,0.100000,10.000000,0.633553,2,1,1326,2274,6.250000,0.000000,22500,no
184,SELL,0.054958,21:07:23.335891170,no,-,-,-,-,0.100000,10.000000,0.633553,2,1,1330,2270,6.250000,0.000000,22500,no
185,SELL,-0.179311,21:07:23.335891170,no,-,-,-,-,0.100000,10.000000,0.633553,2,1,1335,2265,6.250000,0.000000,22500,no
186,SELL,-0.262853,21:07:23.335891170,no,-,-,-,-,0.100000,10.000000,0.633553,2,1,1342,2258,6.250000,0.000000,22500,no
187,SELL,-0.159017,21:07:23.335891170,no,-,-,-,-,0.100000,10.000000,0.633553,2,1,1345,2255,6.250000,0.000000,22500,no
188,SELL,-0.056648,21:07:23.335891170,no,-,-,-,-,0.100000,10.000000,0.633553,2,1,1348,2252,6.250000,0.000000,22500,no
189,SELL,0.012047,21:07:23.335891170,no,-,-,-,-,0.100000,10.000000,0.633553,2,1,1352,2248,6.250000,0.000000,22500,no
190,SELL,-0.014961,21:07:23.335891170,no,-,-,-,-,0.100000,10.000000,0.633553,2,1,1355,2245,6.250000,0.000000,22500,no
191,SELL,0.033056,21:07:23.335891170,no,-,-,-,-,0.100000,10.000000,0.633553,2,1,1358,2242,6.250000,0.000000,22500,no
192,SELL,0.018999,21:07:23.335891170,no,-,-,-,-,0.100000,10.000000,0.633553,2,1,1361,2239,6.250000,0.000000,22500,no
193,SELL,-0.204423,21:07:23.335891170,no,-,-,-,-,0.100000,10.000000,0.633553,2,1,1370,2230,6.250000,0.000000,22500,no
194,SELL,-0.464923,21:07:23.335891170,no,-,-,-,-,0.100000,10.000000,0.633553,2,1,1386,2214,6.250000,0.000000,22500,no
195,SELL,-1.061513,21:07:23.335891170,no,-,-,-,-,0.100000,10.000000,0.633553,2,1,1432,2168,6.250000,0.000000,22500,no
196,SELL,-0.700387,21:07:23.335891170,no,-,-,-,-,0.100000,10.000000,0.633553,2,1,1552,2048,6.250000,0.000000,22500,no
197,SELL,-0.796417,21:07:23.335891170,no,-,-,-,-,0.100000,10.000000,0.633553,2,1,1555,2045,6.250000,0.000000,22500,no
198,SELL,-0.513414,21:07:23.335891170,no,-,-,-,-,0.100000,10.000000,0.633553,2,1,1562,2038,6.250000,0.000000,22500,no
199,SELL,-0.563676,21:07:23.335891170,no,-,-,-,-,0.100000,10.000000,0.633553,2,1,1565,2035,6.250000,0.000000,22500,no
200,SELL,-0.214487,21:07:23.335891170,no,-,-,-,-,0.100000,10.000000,0.633553,2,1,1572,2028,6.250000,0.000000,22500,no
201,SELL,-0.234156,21:07:23.335891170,no,-,-,-,-,0.100000,10.000000,0.633553,2,1,1577,2023,6.250000,0.000000,22500,no
202,SELL,0.027427,21:07:23.335891170,no,-,-,-,-,0.100000,10.000000,0.633553,2,1,1580,2020,6.250000,0.000000,22500,no
203,SELL,-0.467446,21:07:23.335891170,no,-,-,-,-,0.100000,10.000000,0.633553,2,1,1584,2016,6.250000,0.000000,22500,no
204,SELL,-0.627222,21:07:23.335891170,no,-,-,-,-,0.100000,10.000000,0.633553,2,1,1588,2012,6.250000,0.000000,22500,no
205,SELL,-0.177948,21:07:23.335891170,no,-,-,-,-,0.100000,10.000000,0.633553,2,1,1593,2007,6.250000,0.000000,22500,no
206,SELL,0.478414,21:07:23.335891170,no,-,-,-,-,0.100000,10.000000,0.633553,2,1,1617,1983,6.250000,0.000000,22500,no
207,SELL,-0.074391,21:07:23.335891170,no,-,-,-,-,0.100000,10.000000,0.633553,2,1,1620,1980,6.250000,0.000000,22500,no
208,SELL,0.287846,21:07:23.335891170,no,-,-,-,-,0.100000,10.000000,0.633553,2,1,1624,1976,6.250000,0.000000,22500,no
209,SELL,0.540291,21:07:23.335891170,no,-,-,-,-,0.100000,10.000000,0.633553,2,1,1626,1974,6.250000,0.000000,22500,no
210,SELL,-0.217504,21:07:23.335891170,no,-,-,-,-,0.100000,10.000000,0.633553,2,1,1631,1969,6.250000,0.000000,22500,no
211,SELL,0.700280,21:07:23.335891170,no,-,-,-,-,0.100000,10.000000,0.633553,2,1,1653,1947,6.250000,0.000000,22500,no
212,SELL,-0.227525,21:07:23.335891170,no,-,-,-,-,0.100000,10.000000,0.633553,2,1,4935,-1335,6.250000,0.000000,22500,yes
213,SELL,-1.367935,21:07:23.335891170,no,-,-,-,-,0.100000,10.000000,0.633553,2,1,4942,-1342,6.250000,0.000000,22500,yes
214,SELL,-0.476883,21:07:23.335891170,no,-,-,-,-,0.100000,10.000000,0.633553,2,1,4946,-1346,6.250000,0.000000,22500,yes
215,SELL,-1.565558,21:07:23.335891170,no,-,-,-,-,0.100000,10.000000,0.633553,2,1,4949,-1349,6.250000,0.000000,22500,yes
216,SELL,-1.300001,21:07:23.335891170,no,-,-,-,-,0.100000,10.000000,0.633553,2,1,4954,-1354,6.250000,0.000000,22500,yes
217,SELL,-1.321256,21:07:23.335891170,no,-,-,-,-,0.100000,10.000000,0.633553,2,1,4958,-1358,6.250000,0.000000,22500,yes
218,SELL,-1.372610,21:07:23.335891170,no,-,-,-,-,0.100000,10.000000,0.633553,2,1,4965,-1365,6.250000,0.000000,22500,yes
219,SELL,0.216436,21:07:23.335891170,no,-,-,-,-,0.100000,10.000000,0.633553,2,1,4968,-1368,6.250000,0.000000,22500,yes
220,SELL,-0.231011,21:07:23.335891170,no,-,-,-,-,0.100000,10.000000,0.633553,2,1,4972,-1372,6.250000,0.000000,22500,yes
221,SELL,-0.699100,21:07:23.335891170,no,-,-,-,-,0.100000,10.000000,0.633553,2,1,4977,-1377,6.250000,0.000000,22500,yes
222,SELL,-1.017662,21:07:23.335891170,no,-,-,-,-,0.100000,10.000000,0.633553,2,1,4981,-1381,6.250000,0.000000,22500,yes
223,SELL,0.494568,21:07:23.335891170,no,-,-,-,-,0.100000,10.000000,0.633553,2,1,4985,-1385,6.250000,0.000000,22500,yes
224,SELL,-0.472928,21:07:23.335891170,no,-,-,-,-,0.100000,10.000000,0.633553,2,1,4990,-1390,6.250000,0.000000,22500,yes
225,SELL,-0.725956,21:07:23.335891170,no,-,-,-,-,0.100000,10.000000,0.633553,2,1,4995,-1395,6.250000,0.000000,22500,yes
226,SELL,-0.112029,21:07:23.335891170,no,-,-,-,-,0.100000,10.000000,0.633553,2,1,4999,-1399,6.250000,0.000000,22500,yes
227,SELL,-0.650002,21:07:23.335891170,no,-,-,-,-,0.100000,10.000000,0.633553,2,1,5004,-1404,6.250000,0.000000,22500,yes
228,SELL,0.496476,21:07:23.335891170,no,-,-,-,-,0.100000,10.000000,0.633553,2,1,5032,-1432,6.250000,0.000000,22500,yes
229,SELL,-0.301526,21:07:23.335891170,no,-,-,-,-,0.100000,10.000000,0.633553,2,1,5035,-1435,6.250000,0.000000,22500,yes
230,SELL,-0.701664,21:07:23.335891170,no,-,-,-,-,0.100000,10.000000,0.633553,2,1,5038,-1438,6.250000,0.000000,22500,yes
231,SELL,-0.801667,21:07:23.335891170,no,-,-,-,-,0.100000,10.000000,0.633553,2,1,5041,-1441,6.250000,0.000000,22500,yes
232,SELL,-0.427404,21:07:23.335891170,no,-,-,-,-,0.100000,10.000000,0.633553,2,1,5046,-1446,6.250000,0.000000,22500,yes
233,SELL,-0.945732,21:07:23.335891170,no,-,-,-,-,0.100000,10.000000,0.633553,2,1,11325,-7725,6.250000,0.000000,22500,yes
234,SELL,2.194981,21:07:23.335891170,no,-,-,-,-,0.100000,10.000000,0.633553,2,1,11336,-7736,6.250000,0.000000,22500,yes
235,SELL,0.479777,21:07:23.335891170,no,-,-,-,-,0.100000,10.000000,0.633553,2,1,11348,-7748,6.250000,0.000000,22500,yes
236,SELL,3.082890,21:07:23.335891170,no,-,-,-,-,0.100000,10.000000,0.633553,2,1,11357,-7757,6.250000,0.000000,22500,yes
237,SELL,-2.140307,21:07:23.335891170,no,-,-,-,-,0.100000,10.000000,0.633553,2,1,11369,-7769,6.250000,0.000000,22500,yes
238,SELL,0.551496,21:07:23.335891170,no,-,-,-,-,0.100000,10.000000,0.633553,2,1,11380,-7780,6.250000,0.000000,22500,yes
239,SELL,-2.064363,21:07:23.335891170,no,-,-,-,-,0.100000,10.000000,0.633553,2,1,11389,-7789,6.250000,0.000000,22500,yes
240,SELL,-0.694515,21:07:23.335891170,no,-,-,-,-,0.100000,10.000000,0.633553,2,1,11400,-7800,6.250000,0.000000,22500,yes
241,SELL,1.422453,21:07:23.335891170,no,-,-,-,-,0.100000,10.000000,0.633553,2,1,11412,-7812,6.250000,0.000000,22500,yes
242,SELL,0.499431,21:07:23.335891170,no,-,-,-,-,0.100000,10.000000,0.633553,2,1,11421,-7821,6.250000,0.000000,22500,yes
243,SELL,0.643124,21:07:23.335891170,no,-,-,-,-,0.100000,10.000000,0.633553,2,1,11432,-7832,6.250000,0.000000,22500,yes
244,SELL,-1.444727,21:07:23.335891170,no,-,-,-,-,0.100000,10.000000,0.633553,2,1,11444,-7844,6.250000,0.000000,22500,yes
245,SELL,-1.791602,21:07:23.335891170,no,-,-,-,-,0.100000,10.000000,0.633553,2,1,11454,-7854,6.250000,0.000000,22500,yes
246,SELL,-1.732499,21:07:23.335891170,no,-,-,-,-,0.100000,10.000000,0.633553,2,1,11464,-7864,6.250000,0.000000,22500,yes
247,SELL,-3.094398,21:07:23.335891170,no,-,-,-,-,0.100000,10.000000,0.633553,2,1,11475,-7875,6.250000,0.000000,22500,yes
248,SELL,-0.740288,21:07:23.335891170,no,-,-,-,-,0.100000,10.000000,0.633553,2,1,11486,-7886,6.250000,0.000000,22500,yes
249,SELL,-1.796249,21:07:23.335891170,no,-,-,-,-,0.100000,10.000000,0.633553,2,1,11497,-7897,6.250000,0.000000,22500,yes
250,SELL,0.260188,21:07:23.335891170,no,-,-,-,-,0.100000,10.000000,0.633553,2,1,11509,-7909,6.250000,0.000000,22500,yes
251,SELL,-3.652121,21:07:23.335891170,no,-,-,-,-,0.100000,10.000000,0.633553,2,1,11518,-7918,6.250000,0.000000,22500,yes
252,SELL,-2.560380,21:07:23.335891170,no,-,-,-,-,0.100000,10.000000,0.633553,2,1,11531,-7931,6.250000,0.000000,22500,yes
253,SELL,-1.516488,21:07:23.335891170,no,-,-,-,-,0.100000,10.000000,0.633553,2,1,11542,-7942,6.250000,0.000000,22500,yes
254,SELL,-0.040245,21:07:23.335891170,no,-,-,-,-,0.100000,10.000000,0.633553,2,1,11552,-7952,6.250000,0.000000,22500,yes
255,SELL,-0.553633,21:07:23.335891170,no,-,-,-,-,0.100000,10.000000,0.633553,2,1,11563,-7963,6.250000,0.000000,22500,yes
256,SELL,-1.035998,21:07:23.335891170,no,-,-,-,-,0.100000,10.000000,0.633553,2,1,11574,-7974,6.250000,0.000000,22500,yes
257,SELL,-1.416833,21:07:23.335891170,no,-,-,-,-,0.100000,10.000000,0.633553,2,1,11584,-7984,6.250000,0.000000,22500,yes
258,SELL,-0.079013,21:07:23.335891170,no,-,-,-,-,0.100000,10.000000,0.633553,2,1,11595,-7995,6.250000,0.000000,22500,yes
259,SELL,-1.187801,21:07:23.335891170,no,-,-,-,-,0.100000,10.000000,0.633553,2,1,11606,-8006,6.250000,0.000000,22500,yes
260,SELL,-2.548621,21:07:23.335891170,no,-,-,-,-,0.100000,10.000000,0.633553,2,1,11617,-8017,6.250000,0.000000,22500,yes
261,SELL,-0.533000,21:07:23.335891170,no,-,-,-,-,0.100000,10.000000,0.633553,2,1,11628,-8028,6.250000,0.000000,22500,yes
262,SELL,-1.459519,21:07:23.335891170,no,-,-,-,-,0.100000,10.000000,0.633553,2,1,11639,-8039,6.250000,0.000000,22500,yes
263,SELL,-3.301949,21:07:23.335891170,no,-,-,-,-,0.100000,10.000000,0.633553,2,1,11649,-8049,6.250000,0.000000,22500,yes
264,SELL,-1.359746,21:07:23.335891170,no,-,-,-,-,0.100000,10.000000,0.633553,2,1,11660,-8060,6.250000,0.000000,22500,yes
265,SELL,-2.638432,21:07:23.335891170,no,-,-,-,-,0.100000,10.000000,0.633553,2,1,11670,-8070,6.250000,0.000000,22500,yes
266,SELL,0.027678,21:07:23.335891170,no,-,-,-,-,0.100000,10.000000,0.633553,2,1,11681,-8081,6.250000,0.000000,22500,yes
267,SELL,-0.249007,21:07:23.335891170,no,-,-,-,-,0.100000,10.000000,0.633553,2,1,11692,-8092,6.250000,0.000000,22500,yes
268,SELL,-1.355790,21:07:23.335891170,no,-,-,-,-,0.100000,10.000000,0.633553,2,1,11702,-8102,6.250000,0.000000,22500,yes
269,SELL,-1.771748,21:07:23.335891170,no,-,-,-,-,0.100000,10.000000,0.633553,2,1,11712,-8112,6.250000,0.000000,22500,yes
270,SELL,-0.985011,21:07:23.335891170,no,-,-,-,-,0.100000,10.000000,0.633553,2,1,11723,-8123,6.250000,0.000000,22500,yes
271,SELL,-1.975654,21:07:23.335891170,no,-,-,-,-,0.100000,10.000000,0.633553,2,1,11733,-8133,6.250000,0.000000,22500,yes
272,SELL,-1.641365,21:07:23.335891170,no,-,-,-,-,0.100000,10.000000,0.633553,2,1,11744,-8144,6.250000,0.000000,22500,yes
273,SELL,-2.902599,21:07:23.335891170,no,-,-,-,-,0.100000,10.000000,0.633553,2,1,11755,-8155,6.250000,0.000000,22500,yes
274,SELL,-2.883983,21:07:23.335891170,no,-,-,-,-,0.100000,10.000000,0.633553,2,1,11765,-8165,6.250000,0.000000,22500,yes
275,SELL,-3.074136,21:07:23.335891170,no,-,-,-,-,0.100000,10.000000,0.633553,2,1,11777,-8177,6.250000,0.000000,22500,yes
276,SELL,-4.377316,21:07:23.335891170,no,-,-,-,-,0.100000,10.000000,0.633553,2,1,11786,-8186,6.250000,0.000000,22500,yes
277,SELL,-4.008142,21:07:23.335891170,no,-,-,-,-,0.100000,10.000000,0.633553,2,1,11796,-8196,6.250000,0.000000,22500,yes
278,SELL,-5.816354,21:07:23.335891170,no,-,-,-,-,0.100000,10.000000,0.633553,2,1,11808,-8208,6.250000,0.000000,22500,yes
279,SELL,-1.784355,21:07:23.335891170,no,-,-,-,-,0.100000,10.000000,0.633553,2,1,11819,-8219,6.250000,0.000000,22500,yes
280,SELL,-1.387537,21:07:23.335891170,no,-,-,-,-,0.100000,10.000000,0.633553,2,1,11829,-8229,6.250000,0.000000,22500,yes
281,SELL,-3.352551,21:07:23.335891170,no,-,-,-,-,0.100000,10.000000,0.633553,2,1,11839,-8239,6.250000,0.000000,22500,yes
282,SELL,-3.051892,21:07:23.335891170,no,-,-,-,-,0.100000,10.000000,0.633553,2,1,11849,-8249,6.250000,0.000000,22500,yes
283,SELL,-1.581629,21:07:23.335891170,no,-,-,-,-,0.100000,10.000000,0.633553,2,1,11860,-8260,6.250000,0.000000,22500,yes
284,SELL,-3.522975,21:07:23.335891170,no,-,-,-,-,0.100000,10.000000,0.633553,2,1,11871,-8271,6.250000,0.000000,22500,yes
285,SELL,-2.829614,21:07:23.335891170,no,-,-,-,-,0.100000,10.000000,0.633553,2,1,11932,-8332,6.250000,0.000000,22500,yes
286,SELL,0.916623,21:07:23.335891170,no,-,-,-,-,0.100000,10.000000,0.633553,2,1,11938,-8338,6.250000,0.000000,22500,yes
287,SELL,0.969713,21:07:23.335891170,no,-,-,-,-,0.100000,10.000000,0.633553,2,1,11944,-8344,6.250000,0.000000,22500,yes
288,SELL,-0.279526,21:07:23.335891170,no,-,-,-,-,0.100000,10.000000,0.633553,2,1,11954,-8354,6.250000,0.000000,22500,yes
289,SELL,-2.052851,21:07:23.335891170,no,-,-,-,-,0.100000,10.000000,0.633553,2,1,11964,-8364,6.250000,0.000000,22500,yes
290,SELL,0.371890,21:07:23.335891170,no,-,-,-,-,0.100000,10.000000,0.633553,2,1,11975,-8375,6.250000,0.000000,22500,yes
291,SELL,2.357432,21:07:23.335891170,no,-,-,-,-,0.100000,10.000000,0.633553,2,1,11987,-8387,6.250000,0.000000,22500,yes
292,SELL,0.640429,21:07:23.335891170,no,-,-,-,-,0.100000,10.000000,0.633553,2,1,11996,-8396,6.250000,0.000000,22500,yes
293,SELL,-0.328799,21:07:23.335891170,no,-,-,-,-,0.100000,10.000000,0.633553,2,1,12007,-8407,6.250000,0.000000,22500,yes
294,SELL,-1.438101,21:07:23.335891170,no,-,-,-,-,0.100000,10.000000,0.633553,2,1,12019,-8419,6.250000,0.000000,22500,yes
295,SELL,-0.900788,21:07:23.335891170,no,-,-,-,-,0.100000,10.000000,0.633553,2,1,12028,-8428,6.250000,0.000000,22500,yes
296,SELL,-1.036555,21:07:23.335891170,no,-,-,-,-,0.100000,10.000000,0.633553,2,1,12038,-8438,6.250000,0.000000,22500,yes
297,SELL,-0.401671,21:07:23.335891170,no,-,-,-,-,0.100000,10.000000,0.633553,2,1,12049,-8449,6.250000,0.000000,22500,yes
298,SELL,7.179047,21:07:23.335891170,no,-,-,-,-,0.100000,10.000000,0.633553,2,1,18250,-14650,6.250000,0.000000,22500,yes
299,SELL,6.287801,21:07:23.335891170,no,-,-,-,-,0.100000,10.000000,0.633553,2,1,18254,-14654,6.250000,0.000000,22500,yes
