轮数,方向,预测值,算法开始时间,是否下单,下单价格,档位,下单量,下单耗时(从预测到下单),r1,r2,std,freq,qty_scalar,经过时间,剩余时间,目标速度,实际速度,剩余量,是否为最后一轮
1,SELL,-0.337378,21:07:23.335534749,no,-,-,-,-,0.909091,1.100000,0.904828,2,1,332,3268,1.250000,0.000000,4500,no
2,SELL,0.524814,21:07:23.335534749,no,-,-,-,-,0.826446,1.210000,0.904828,2,1,336,3264,1.250000,0.000000,4500,no
3,SELL,-0.611690,21:07:23.335534749,no,-,-,-,-,0.751315,1.331000,0.904828,2,1,339,3261,1.250000,0.000000,4500,no
4,SELL,0.348101,21:07:23.335534749,no,-,-,-,-,0.683013,1.464100,0.904828,2,1,343,3257,1.250000,0.000000,4500,no
5,SELL,0.531726,21:07:23.335534749,no,-,-,-,-,0.620921,1.610510,0.904828,2,1,347,3253,1.250000,0.000000,4500,no
6,SELL,1.041702,21:07:23.335534749,no,-,-,-,-,0.564474,1.771561,0.904828,2,1,351,3249,1.250000,0.000000,4500,no
7,SELL,2.584615,21:07:23.335534749,no,-,-,-,-,0.513158,1.948717,0.904828,2,1,356,3244,1.250000,0.000000,4500,no
8,SELL,2.177669,21:07:23.335534749,no,-,-,-,-,0.466507,2.143589,0.904828,2,1,360,3240,1.250000,0.000000,4500,no
9,SELL,1.640918,21:07:23.335534749,no,-,-,-,-,0.424098,2.357948,0.904828,2,1,363,3237,1.250000,0.000000,4500,no
10,SELL,1.998374,21:07:23.335534749,no,-,-,-,-,0.385543,2.593742,0.904828,2,1,367,3233,1.250000,0.000000,4500,no
11,SELL,0.662493,21:07:23.335534749,no,-,-,-,-,0.350494,2.853117,0.904828,2,1,370,3230,1.250000,0.000000,4500,no
12,SELL,1.244097,21:07:23.335534749,no,-,-,-,-,0.318631,3.138428,0.904828,2,1,373,3227,1.250000,0.000000,4500,no
13,SELL,0.395974,21:07:23.335534749,no,-,-,-,-,0.289664,3.452271,0.904828,2,1,377,3223,1.250000,0.000000,4500,no
14,SELL,0.682453,21:07:23.335534749,no,-,-,-,-,0.263331,3.797498,0.904828,2,1,381,3219,1.250000,0.000000,4500,no
15,SELL,0.970192,21:07:23.335534749,no,-,-,-,-,0.239392,4.177248,0.904828,2,1,383,3217,1.250000,0.000000,4500,no
16,SELL,-0.082722,21:07:23.335534749,no,-,-,-,-,0.217629,4.594973,0.904828,2,1,388,3212,1.250000,0.000000,4500,no
17,SELL,1.683931,21:07:23.335534749,no,-,-,-,-,0.197845,5.054470,0.904828,2,1,392,3208,1.250000,0.000000,4500,no
18,SELL,1.389238,21:07:23.335534749,no,-,-,-,-,0.179859,5.559917,0.904828,2,1,397,3203,1.250000,0.000000,4500,no
19,SELL,1.009668,21:07:23.335534749,no,-,-,-,-,0.163508,6.115909,0.904828,2,1,399,3201,1.250000,0.000000,4500,no
20,SELL,1.270612,21:07:23.335534749,no,-,-,-,-,0.148644,6.727500,0.904828,2,1,402,3198,1.250000,0.000000,4500,no
21,SELL,1.522512,21:07:23.335534749,no,-,-,-,-,0.135131,7.400250,0.904828,2,1,407,3193,1.250000,0.000000,4500,no
22,SELL,-1.118927,21:07:23.335534749,no,-,-,-,-,0.122846,8.140275,0.904828,2,1,410,3190,1.250000,0.000000,4500,no
23,SELL,-0.947969,21:07:23.335534749,no,-,-,-,-,0.111678,8.954302,0.904828,2,1,412,3188,1.250000,0.000000,4500,no
24,SELL,-0.253374,21:07:23.335534749,no,-,-,-,-,0.101526,9.849733,0.904828,2,1,417,3183,1.250000,0.000000,4500,no
25,SELL,-0.066364,21:07:23.335534749,no,-,-,-,-,0.100000,10.000000,0.904828,2,1,422,3178,1.250000,0.000000,4500,no
26,SELL,1.849264,21:07:23.335534749,no,-,-,-,-,0.100000,10.000000,0.904828,2,1,427,3173,1.250000,0.000000,4500,no
27,SELL,2.733898,21:07:23.335534749,no,-,-,-,-,0.100000,10.000000,0.904828,2,1,432,3168,1.250000,0.000000,4500,no
28,SELL,0.678331,21:07:23.335534749,no,-,-,-,-,0.100000,10.000000,0.904828,2,1,438,3162,1.250000,0.000000,4500,no
29,SELL,0.120835,21:07:23.335534749,no,-,-,-,-,0.100000,10.000000,0.904828,2,1,442,3158,1.250000,0.000000,4500,no
30,SELL,-0.347085,21:07:23.335534749,no,-,-,-,-,0.100000,10.000000,0.904828,2,1,445,3155,1.250000,0.000000,4500,no
31,SELL,0.384130,21:07:23.335534749,no,-,-,-,-,0.100000,10.000000,0.904828,2,1,448,3152,1.250000,0.000000,4500,no
32,SELL,0.899988,21:07:23.335534749,no,-,-,-,-,0.100000,10.000000,0.904828,2,1,452,3148,1.250000,0.000000,4500,no
33,SELL,0.032088,21:07:23.335534749,no,-,-,-,-,0.100000,10.000000,0.904828,2,1,457,3143,1.250000,0.000000,4500,no
34,SELL,-0.791025,21:07:23.335534749,no,-,-,-,-,0.100000,10.000000,0.904828,2,1,461,3139,1.250000,0.000000,4500,no
35,SELL,-1.271699,21:07:23.335534749,no,-,-,-,-,0.100000,10.000000,0.904828,2,1,464,3136,1.250000,0.000000,4500,no
36,SELL,-1.472207,21:07:23.335534749,no,-,-,-,-,0.100000,10.000000,0.904828,2,1,467,3133,1.250000,0.000000,4500,no
37,SELL,-1.679643,21:07:23.335534749,no,-,-,-,-,0.100000,10.000000,0.904828,2,1,471,3129,1.250000,0.000000,4500,no
38,SELL,0.163135,21:07:23.335534749,no,-,-,-,-,0.100000,10.000000,0.904828,2,1,475,3125,1.250000,0.000000,4500,no
39,SELL,-0.031375,21:07:23.335534749,no,-,-,-,-,0.100000,10.000000,0.904828,2,1,480,3120,1.250000,0.000000,4500,no
40,SELL,-1.019930,21:07:23.335534749,no,-,-,-,-,0.100000,10.000000,0.904828,2,1,483,3117,1.250000,0.000000,4500,no
41,SELL,-1.535339,21:07:23.335534749,no,-,-,-,-,0.100000,10.000000,0.904828,2,1,487,3113,1.250000,0.000000,4500,no
42,SELL,-0.918940,21:07:23.335534749,no,-,-,-,-,0.100000,10.000000,0.904828,2,1,490,3110,1.250000,0.000000,4500,no
43,SELL,0.747978,21:07:23.335534749,no,-,-,-,-,0.100000,10.000000,0.904828,2,1,495,3105,1.250000,0.000000,4500,no
44,SELL,0.494428,21:07:23.335534749,no,-,-,-,-,0.100000,10.000000,0.904828,2,1,501,3099,1.250000,0.000000,4500,no
45,SELL,-0.006637,21:07:23.335534749,no,-,-,-,-,0.100000,10.000000,0.904828,2,1,505,3095,1.250000,0.000000,4500,no
46,SELL,1.330928,21:07:23.335534749,no,-,-,-,-,0.100000,10.000000,0.904828,2,1,509,3091,1.250000,0.000000,4500,no
47,SELL,2.294546,21:07:23.335534749,no,-,-,-,-,0.100000,10.000000,0.904828,2,1,514,3086,1.250000,0.000000,4500,no
48,SELL,1.458238,21:07:23.335534749,no,-,-,-,-,0.100000,10.000000,0.904828,2,1,518,3082,1.250000,0.000000,4500,no
49,SELL,1.377159,21:07:23.335534749,no,-,-,-,-,0.100000,10.000000,0.904828,2,1,522,3078,1.250000,0.000000,4500,no
50,SELL,1.323536,21:07:23.335534749,no,-,-,-,-,0.100000,10.000000,0.904828,2,1,528,3072,1.250000,0.000000,4500,no
51,SELL,1.177197,21:07:23.335534749,no,-,-,-,-,0.100000,10.000000,0.904828,2,1,530,3070,1.250000,0.000000,4500,no
52,SELL,0.457900,21:07:23.335534749,no,-,-,-,-,0.100000,10.000000,0.904828,2,1,535,3065,1.250000,0.000000,4500,no
53,SELL,-1.727499,21:07:23.335534749,no,-,-,-,-,0.100000,10.000000,0.904828,2,1,539,3061,1.250000,0.000000,4500,no
54,SELL,-0.167840,21:07:23.335534749,no,-,-,-,-,0.100000,10.000000,0.904828,2,1,546,3054,1.250000,0.000000,4500,no
55,SELL,-0.223525,21:07:23.335534749,no,-,-,-,-,0.100000,10.000000,0.904828,2,1,554,3046,1.250000,0.000000,4500,no
56,SELL,-0.411870,21:07:23.335534749,no,-,-,-,-,0.100000,10.000000,0.904828,2,1,557,3043,1.250000,0.000000,4500,no
57,SELL,-0.665328,21:07:23.335534749,no,-,-,-,-,0.100000,10.000000,0.904828,2,1,563,3037,1.250000,0.000000,4500,no
58,SELL,-0.557932,21:07:23.335534749,no,-,-,-,-,0.100000,10.000000,0.904828,2,1,568,3032,1.250000,0.000000,4500,no
59,SELL,-1.061958,21:07:23.335534749,no,-,-,-,-,0.100000,10.000000,0.904828,2,1,571,3029,1.250000,0.000000,4500,no
60,SELL,-0.676951,21:07:23.335534749,no,-,-,-,-,0.100000,10.000000,0.904828,2,1,576,3024,1.250000,0.000000,4500,no
61,SELL,-0.490156,21:07:23.335534749,no,-,-,-,-,0.100000,10.000000,0.904828,2,1,579,3021,1.250000,0.000000,4500,no
62,SELL,-0.795128,21:07:23.335534749,no,-,-,-,-,0.100000,10.000000,0.904828,2,1,583,3017,1.250000,0.000000,4500,no
63,SELL,-0.516719,21:07:23.335534749,no,-,-,-,-,0.100000,10.000000,0.904828,2,1,587,3013,1.250000,0.000000,4500,no
64,SELL,-0.296391,21:07:23.335534749,no,-,-,-,-,0.100000,10.000000,0.904828,2,1,592,3008,1.250000,0.000000,4500,no
65,SELL,-0.604233,21:07:23.335534749,no,-,-,-,-,0.100000,10.000000,0.904828,2,1,595,3005,1.250000,0.000000,4500,no
66,SELL,-0.037657,21:07:23.335534749,no,-,-,-,-,0.100000,10.000000,0.904828,2,1,600,3000,1.250000,0.000000,4500,no
67,SELL,-0.303711,21:07:23.335534749,no,-,-,-,-,0.100000,10.000000,0.904828,2,1,605,2995,1.250000,0.000000,4500,no
68,SELL,-0.632740,21:07:23.335534749,no,-,-,-,-,0.100000,10.000000,0.904828,2,1,608,2992,1.250000,0.000000,4500,no
69,SELL,-0.072033,21:07:23.335534749,no,-,-,-,-,0.100000,10.000000,0.904828,2,1,611,2989,1.250000,0.000000,4500,no
70,SELL,-0.799301,21:07:23.335534749,no,-,-,-,-,0.100000,10.000000,0.904828,2,1,615,2985,1.250000,0.000000,4500,no
71,SELL,-0.971031,21:07:23.335534749,no,-,-,-,-,0.100000,10.000000,0.904828,2,1,618,2982,1.250000,0.000000,4500,no
72,SELL,-1.439692,21:07:23.335534749,no,-,-,-,-,0.100000,10.000000,0.904828,2,1,621,2979,1.250000,0.000000,4500,no
73,SELL,-1.042101,21:07:23.335534749,no,-,-,-,-,0.100000,10.000000,0.904828,2,1,625,2975,1.250000,0.000000,4500,no
74,SELL,-1.859393,21:07:23.335534749,no,-,-,-,-,0.100000,10.000000,0.904828,2,1,630,2970,1.250000,0.000000,4500,no
75,SELL,-1.509880,21:07:23.335534749,no,-,-,-,-,0.100000,10.000000,0.904828,2,1,634,2966,1.250000,0.000000,4500,no
76,SELL,-1.774954,21:07:23.335534749,no,-,-,-,-,0.100000,10.000000,0.904828,2,1,637,2963,1.250000,0.000000,4500,no
77,SELL,-1.523546,21:07:23.335534749,no,-,-,-,-,0.100000,10.000000,0.904828,2,1,640,2960,1.250000,0.000000,4500,no
78,SELL,-1.025139,21:07:23.335534749,no,-,-,-,-,0.100000,10.000000,0.904828,2,1,642,2958,1.250000,0.000000,4500,no
79,SELL,-1.344758,21:07:23.335534749,no,-,-,-,-,0.100000,10.000000,0.904828,2,1,645,2955,1.250000,0.000000,4500,no
80,SELL,-1.073852,21:07:23.335534749,no,-,-,-,-,0.100000,10.000000,0.904828,2,1,648,2952,1.250000,0.000000,4500,no
81,SELL,-0.905452,21:07:23.335534749,no,-,-,-,-,0.100000,10.000000,0.904828,2,1,652,2948,1.250000,0.000000,4500,no
82,SELL,0.109700,21:07:23.335534749,no,-,-,-,-,0.100000,10.000000,0.904828,2,1,655,2945,1.250000,0.000000,4500,no
83,SELL,-0.212925,21:07:23.335534749,no,-,-,-,-,0.100000,10.000000,0.904828,2,1,659,2941,1.250000,0.000000,4500,no
84,SELL,-0.828592,21:07:23.335534749,no,-,-,-,-,0.100000,10.000000,0.904828,2,1,663,2937,1.250000,0.000000,4500,no
85,SELL,-0.364846,21:07:23.335534749,no,-,-,-,-,0.100000,10.000000,0.904828,2,1,668,2932,1.250000,0.000000,4500,no
86,SELL,-0.434735,21:07:23.335534749,no,-,-,-,-,0.100000,10.000000,0.904828,2,1,670,2930,1.250000,0.000000,4500,no
87,SELL,-0.118905,21:07:23.335534749,no,-,-,-,-,0.100000,10.000000,0.904828,2,1,673,2927,1.250000,0.000000,4500,no
88,SELL,-0.253836,21:07:23.335534749,no,-,-,-,-,0.100000,10.000000,0.904828,2,1,677,2923,1.250000,0.000000,4500,no
89,SELL,-0.558219,21:07:23.335534749,no,-,-,-,-,0.100000,10.000000,0.904828,2,1,680,2920,1.250000,0.000000,4500,no
90,SELL,0.192703,21:07:23.335534749,no,-,-,-,-,0.100000,10.000000,0.904828,2,1,684,2916,1.250000,0.000000,4500,no
91,SELL,0.159921,21:07:23.335534749,no,-,-,-,-,0.100000,10.000000,0.904828,2,1,687,2913,1.250000,0.000000,4500,no
92,SELL,-0.991647,21:07:23.335534749,no,-,-,-,-,0.100000,10.000000,0.904828,2,1,690,2910,1.250000,0.000000,4500,no
93,SELL,-0.772537,21:07:23.335534749,no,-,-,-,-,0.100000,10.000000,0.904828,2,1,694,2906,1.250000,0.000000,4500,no
94,SELL,-0.849958,21:07:23.335534749,no,-,-,-,-,0.100000,10.000000,0.904828,2,1,697,2903,1.250000,0.000000,4500,no
95,SELL,-0.192073,21:07:23.335534749,no,-,-,-,-,0.100000,10.000000,0.904828,2,1,702,2898,1.250000,0.000000,4500,no
96,SELL,-0.209557,21:07:23.335534749,no,-,-,-,-,0.100000,10.000000,0.904828,2,1,705,2895,1.250000,0.000000,4500,no
97,SELL,-0.711545,21:07:23.335534749,no,-,-,-,-,0.100000,10.000000,0.904828,2,1,707,2893,1.250000,0.000000,4500,no
98,SELL,-0.470515,21:07:23.335534749,no,-,-,-,-,0.100000,10.000000,0.904828,2,1,711,2889,1.250000,0.000000,4500,no
99,SELL,0.789364,21:07:23.335534749,no,-,-,-,-,0.100000,10.000000,0.904828,2,1,714,2886,1.250000,0.000000,4500,no
100,SELL,-0.531645,21:07:23.335534749,no,-,-,-,-,0.100000,10.000000,0.904828,2,1,716,2884,1.250000,0.000000,4500,no
101,SELL,-1.058951,21:07:23.335534749,no,-,-,-,-,0.100000,10.000000,0.904828,2,1,719,2881,1.250000,0.000000,4500,no
102,SELL,-0.426618,21:07:23.335534749,no,-,-,-,-,0.100000,10.000000,0.904828,2,1,723,2877,1.250000,0.000000,4500,no
103,SELL,-0.398362,21:07:23.335534749,no,-,-,-,-,0.100000,10.000000,0.904828,2,1,726,2874,1.250000,0.000000,4500,no
104,SELL,-1.128999,21:07:23.335534749,no,-,-,-,-,0.100000,10.000000,0.904828,2,1,730,2870,1.250000,0.000000,4500,no
105,SELL,-1.543638,21:07:23.335534749,no,-,-,-,-,0.100000,10.000000,0.904828,2,1,734,2866,1.250000,0.000000,4500,no
106,SELL,-2.402812,21:07:23.335534749,no,-,-,-,-,0.100000,10.000000,0.904828,2,1,739,2861,1.250000,0.000000,4500,no
107,SELL,-2.419389,21:07:23.335534749,no,-,-,-,-,0.100000,10.000000,0.904828,2,1,744,2856,1.250000,0.000000,4500,no
108,SELL,-2.677013,21:07:23.335534749,no,-,-,-,-,0.100000,10.000000,0.904828,2,1,750,2850,1.250000,0.000000,4500,no
109,SELL,-2.264938,21:07:23.335534749,no,-,-,-,-,0.100000,10.000000,0.904828,2,1,756,2844,1.250000,0.000000,4500,no
110,SELL,-2.202435,21:07:23.335534749,no,-,-,-,-,0.100000,10.000000,0.904828,2,1,759,2841,1.250000,0.000000,4500,no
111,SELL,-2.572494,21:07:23.335534749,no,-,-,-,-,0.100000,10.000000,0.904828,2,1,764,2836,1.250000,0.000000,4500,no
112,SELL,-2.526294,21:07:23.335534749,no,-,-,-,-,0.100000,10.000000,0.904828,2,1,767,2833,1.250000,0.000000,4500,no
113,SELL,-1.812609,21:07:23.335534749,no,-,-,-,-,0.100000,10.000000,0.904828,2,1,771,2829,1.250000,0.000000,4500,no
114,SELL,-1.549829,21:07:23.335534749,no,-,-,-,-,0.100000,10.000000,0.904828,2,1,774,2826,1.250000,0.000000,4500,no
115,SELL,-0.748336,21:07:23.335534749,no,-,-,-,-,0.100000,10.000000,0.904828,2,1,777,2823,1.250000,0.000000,4500,no
116,SELL,-1.284575,21:07:23.335534749,no,-,-,-,-,0.100000,10.000000,0.904828,2,1,782,2818,1.250000,0.000000,4500,no
117,SELL,-1.225307,21:07:23.335534749,no,-,-,-,-,0.100000,10.000000,0.904828,2,1,785,2815,1.250000,0.000000,4500,no
118,SELL,-1.346192,21:07:23.335534749,no,-,-,-,-,0.100000,10.000000,0.904828,2,1,787,2813,1.250000,0.000000,4500,no
119,SELL,-0.563913,21:07:23.335534749,no,-,-,-,-,0.100000,10.000000,0.904828,2,1,790,2810,1.250000,0.000000,4500,no
120,SELL,-0.483647,21:07:23.335534749,no,-,-,-,-,0.100000,10.000000,0.904828,2,1,793,2807,1.250000,0.000000,4500,no
121,SELL,-0.444528,21:07:23.335534749,no,-,-,-,-,0.100000,10.000000,0.904828,2,1,796,2804,1.250000,0.000000,4500,no
122,SELL,-0.924349,21:07:23.335534749,no,-,-,-,-,0.100000,10.000000,0.904828,2,1,799,2801,1.250000,0.000000,4500,no
123,SELL,1.542973,21:07:23.335534749,no,-,-,-,-,0.100000,10.000000,0.904828,2,1,803,2797,1.250000,0.000000,4500,no
124,SELL,1.458992,21:07:23.335534749,no,-,-,-,-,0.100000,10.000000,0.904828,2,1,808,2792,1.250000,0.000000,4500,no
125,SELL,1.372438,21:07:23.335534749,no,-,-,-,-,0.100000,10.000000,0.904828,2,1,810,2790,1.250000,0.000000,4500,no
126,SELL,0.391640,21:07:23.335534749,no,-,-,-,-,0.100000,10.000000,0.904828,2,1,814,2786,1.250000,0.000000,4500,no
127,SELL,0.655496,21:07:23.335534749,no,-,-,-,-,0.100000,10.000000,0.904828,2,1,819,2781,1.250000,0.000000,4500,no
128,SELL,-0.408537,21:07:23.335534749,no,-,-,-,-,0.100000,10.000000,0.904828,2,1,822,2778,1.250000,0.000000,4500,no
129,SELL,0.454736,21:07:23.335534749,no,-,-,-,-,0.100000,10.000000,0.904828,2,1,825,2775,1.250000,0.000000,4500,no
130,SELL,0.344309,21:07:23.335534749,no,-,-,-,-,0.100000,10.000000,0.904828,2,1,829,2771,1.250000,0.000000,4500,no
131,SELL,0.681760,21:07:23.335534749,no,-,-,-,-,0.100000,10.000000,0.904828,2,1,832,2768,1.250000,0.000000,4500,no
132,SELL,-0.008123,21:07:23.335534749,no,-,-,-,-,0.100000,10.000000,0.904828,2,1,836,2764,1.250000,0.000000,4500,no
133,SELL,-1.452453,21:07:23.335534749,no,-,-,-,-,0.100000,10.000000,0.904828,2,1,838,2762,1.250000,0.000000,4500,no
134,SELL,-0.352301,21:07:23.335534749,no,-,-,-,-,0.100000,10.000000,0.904828,2,1,841,2759,1.250000,0.000000,4500,no
135,SELL,-0.589558,21:07:23.335534749,no,-,-,-,-,0.100000,10.000000,0.904828,2,1,844,2756,1.250000,0.000000,4500,no
136,SELL,-0.790510,21:07:23.335534749,no,-,-,-,-,0.100000,10.000000,0.904828,2,1,848,2752,1.250000,0.000000,4500,no
137,SELL,-1.120363,21:07:23.335534749,no,-,-,-,-,0.100000,10.000000,0.904828,2,1,851,2749,1.250000,0.000000,4500,no
138,SELL,-1.121635,21:07:23.335534749,no,-,-,-,-,0.100000,10.000000,0.904828,2,1,855,2745,1.250000,0.000000,4500,no
139,SELL,-1.243342,21:07:23.335534749,no,-,-,-,-,0.100000,10.000000,0.904828,2,1,858,2742,1.250000,0.000000,4500,no
140,SELL,-0.242315,21:07:23.335534749,no,-,-,-,-,0.100000,10.000000,0.904828,2,1,861,2739,1.250000,0.000000,4500,no
141,SELL,-0.357848,21:07:23.335534749,no,-,-,-,-,0.100000,10.000000,0.904828,2,1,863,2737,1.250000,0.000000,4500,no
142,SELL,-0.152797,21:07:23.335534749,no,-,-,-,-,0.100000,10.000000,0.904828,2,1,867,2733,1.250000,0.000000,4500,no
143,SELL,-0.386912,21:07:23.335534749,no,-,-,-,-,0.100000,10.000000,0.904828,2,1,871,2729,1.250000,0.000000,4500,no
144,SELL,0.060025,21:07:23.335534749,no,-,-,-,-,0.100000,10.000000,0.904828,2,1,876,2724,1.250000,0.000000,4500,no
145,SELL,0.784197,21:07:23.335534749,no,-,-,-,-,0.100000,10.000000,0.904828,2,1,878,2722,1.250000,0.000000,4500,no
146,SELL,0.064833,21:07:23.335534749,no,-,-,-,-,0.100000,10.000000,0.904828,2,1,882,2718,1.250000,0.000000,4500,no
147,SELL,-0.109582,21:07:23.335534749,no,-,-,-,-,0.100000,10.000000,0.904828,2,1,885,2715,1.250000,0.000000,4500,no
148,SELL,-0.117489,21:07:23.335534749,no,-,-,-,-,0.100000,10.000000,0.904828,2,1,888,2712,1.250000,0.000000,4500,no
149,SELL,1.249442,21:07:23.335534749,no,-,-,-,-,0.100000,10.000000,0.904828,2,1,893,2707,1.250000,0.000000,4500,no
150,SELL,1.190446,21:07:23.335534749,no,-,-,-,-,0.100000,10.000000,0.904828,2,1,896,2704,1.250000,0.000000,4500,no
151,SELL,1.152496,21:07:23.335534749,no,-,-,-,-,0.100000,10.000000,0.904828,2,1,898,2702,1.250000,0.000000,4500,no
152,SELL,0.278759,21:07:23.335534749,no,-,-,-,-,0.100000,10.000000,0.904828,2,1,902,2698,1.250000,0.000000,4500,no
153,SELL,0.014191,21:07:23.335534749,no,-,-,-,-,0.100000,10.000000,0.904828,2,1,905,2695,1.250000,0.000000,4500,no
154,SELL,-1.326431,21:07:23.335534749,no,-,-,-,-,0.100000,10.000000,0.904828,2,1,908,2692,1.250000,0.000000,4500,no
155,SELL,-0.438804,21:07:23.335534749,no,-,-,-,-,0.100000,10.000000,0.904828,2,1,910,2690,1.250000,0.000000,4500,no
156,SELL,-1.083878,21:07:23.335534749,no,-,-,-,-,0.100000,10.000000,0.904828,2,1,1190,2410,1.250000,0.000000,4500,no
157,SELL,-0.366323,21:07:23.335534749,no,-,-,-,-,0.100000,10.000000,0.904828,2,1,1194,2406,1.250000,0.000000,4500,no
158,SELL,-1.141629,21:07:23.335534749,no,-,-,-,-,0.100000,10.000000,0.904828,2,1,1198,2402,1.250000,0.000000,4500,no
159,SELL,-1.524149,21:07:23.335534749,no,-,-,-,-,0.100000,10.000000,0.904828,2,1,1202,2398,1.250000,0.000000,4500,no
160,SELL,-1.447817,21:07:23.335534749,no,-,-,-,-,0.100000,10.000000,0.904828,2,1,1206,2394,1.250000,0.000000,4500,no
161,SELL,-1.504523,21:07:23.335534749,no,-,-,-,-,0.100000,10.000000,0.904828,2,1,1214,2386,1.250000,0.000000,4500,no
162,SELL,-2.417734,21:07:23.335534749,no,-,-,-,-,0.100000,10.000000,0.904828,2,1,1220,2380,1.250000,0.000000,4500,no
163,SELL,-1.354373,21:07:23.335534749,no,-,-,-,-,0.100000,10.000000,0.904828,2,1,1226,2374,1.250000,0.000000,4500,no
164,SELL,-1.977736,21:07:23.335534749,no,-,-,-,-,0.100000,10.000000,0.904828,2,1,1231,2369,1.250000,0.000000,4500,no
165,SELL,-1.794800,21:07:23.335534749,no,-,-,-,-,0.100000,10.000000,0.904828,2,1,1234,2366,1.250000,0.000000,4500,no
166,SELL,-1.744362,21:07:23.335534749,no,-,-,-,-,0.100000,10.000000,0.904828,2,1,1238,2362,1.250000,0.000000,4500,no
167,SELL,-1.021944,21:07:23.335534749,no,-,-,-,-,0.100000,10.000000,0.904828,2,1,1242,2358,1.250000,0.000000,4500,no
168,SELL,-1.667319,21:07:23.335534749,no,-,-,-,-,0.100000,10.000000,0.904828,2,1,1248,2352,1.250000,0.000000,4500,no
169,SELL,-1.538915,21:07:23.335534749,no,-,-,-,-,0.100000,10.000000,0.904828,2,1,1252,2348,1.250000,0.000000,4500,no
170,SELL,-1.502260,21:07:23.335534749,no,-,-,-,-,0.100000,10.000000,0.904828,2,1,1255,2345,1.250000,0.000000,4500,no
171,SELL,-0.492333,21:07:23.335534749,no,-,-,-,-,0.100000,10.000000,0.904828,2,1,1259,2341,1.250000,0.000000,4500,no
172,SELL,-1.321215,21:07:23.335534749,no,-,-,-,-,0.100000,10.000000,0.904828,2,1,1264,2336,1.250000,0.000000,4500,no
173,SELL,-1.325943,21:07:23.335534749,no,-,-,-,-,0.100000,10.000000,0.904828,2,1,1269,2331,1.250000,0.000000,4500,no
174,SELL,-1.557169,21:07:23.335534749,no,-,-,-,-,0.100000,10.000000,0.904828,2,1,1272,2328,1.250000,0.000000,4500,no
175,SELL,-1.304941,21:07:23.335534749,no,-,-,-,-,0.100000,10.000000,0.904828,2,1,1275,2325,1.250000,0.000000,4500,no
176,SELL,-1.430089,21:07:23.335534749,no,-,-,-,-,0.100000,10.000000,0.904828,2,1,1279,2321,1.250000,0.000000,4500,no
177,SELL,-1.447164,21:07:23.335534749,no,-,-,-,-,0.100000,10.000000,0.904828,2,1,1283,2317,1.250000,0.000000,4500,no
178,SELL,-1.494255,21:07:23.335534749,no,-,-,-,-,0.100000,10.000000,0.904828,2,1,1287,2313,1.250000,0.000000,4500,no
179,SELL,-1.886401,21:07:23.335534749,no,-,-,-,-,0.100000,10.000000,0.904828,2,1,1292,2308,1.250000,0.000000,4500,no
180,SELL,-1.483008,21:07:23.335534749,no,-,-,-,-,0.100000,10.000000,0.904828,2,1,1297,2303,1.250000,0.000000,4500,no
181,SELL,-1.633493,21:07:23.335534749,no,-,-,-,-,0.100000,10.000000,0.904828,2,1,1300,2300,1.250000,0.000000,4500,no
182,SELL,-1.690295,21:07:23.335534749,no,-,-,-,-,0.100000,10.000000,0.904828,2,1,1304,2296,1.250000,0.000000,4500,no
183,SELL,-1.541933,21:07:23.335534749,no,-,-,-,-,0.100000,10.000000,0.904828,2,1,1309,2291,1.250000,0.000000,4500,no
184,SELL,-1.369147,21:07:23.335534749,no,-,-,-,-,0.100000,10.000000,0.904828,2,1,1313,2287,1.250000,0.000000,4500,no
185,SELL,-1.684070,21:07:23.335534749,no,-,-,-,-,0.100000,10.000000,0.904828,2,1,1316,2284,1.250000,0.000000,4500,no
186,SELL,-1.213295,21:07:23.335534749,no,-,-,-,-,0.100000,10.000000,0.904828,2,1,1320,2280,1.250000,0.000000,4500,no
187,SELL,-1.578605,21:07:23.335534749,no,-,-,-,-,0.100000,10.000000,0.904828,2,1,1326,2274,1.250000,0.000000,4500,no
188,SELL,-1.793629,21:07:23.335534749,no,-,-,-,-,0.100000,10.000000,0.904828,2,1,1330,2270,1.250000,0.000000,4500,no
189,SELL,-0.431831,21:07:23.335534749,no,-,-,-,-,0.100000,10.000000,0.904828,2,1,1335,2265,1.250000,0.000000,4500,no
190,SELL,0.480368,21:07:23.335534749,no,-,-,-,-,0.100000,10.000000,0.904828,2,1,1348,2252,1.250000,0.000000,4500,no
191,SELL,0.188818,21:07:23.335534749,no,-,-,-,-,0.100000,10.000000,0.904828,2,1,1352,2248,1.250000,0.000000,4500,no
192,SELL,0.681003,21:07:23.335534749,no,-,-,-,-,0.100000,10.000000,0.904828,2,1,1355,2245,1.250000,0.000000,4500,no
193,SELL,0.003032,21:07:23.335534749,no,-,-,-,-,0.100000,10.000000,0.904828,2,1,1358,2242,1.250000,0.000000,4500,no
194,SELL,0.567449,21:07:23.335534749,no,-,-,-,-,0.100000,10.000000,0.904828,2,1,1361,2239,1.250000,0.000000,4500,no
195,SELL,0.673359,21:07:23.335534749,no,-,-,-,-,0.100000,10.000000,0.904828,2,1,1365,2235,1.250000,0.000000,4500,no
196,SELL,0.490098,21:07:23.335534749,no,-,-,-,-,0.100000,10.000000,0.904828,2,1,1370,2230,1.250000,0.000000,4500,no
197,SELL,-0.123077,21:07:23.335534749,no,-,-,-,-,0.100000,10.000000,0.904828,2,1,1375,2225,1.250000,0.000000,4500,no
198,SELL,0.803428,21:07:23.335534749,no,-,-,-,-,0.100000,10.000000,0.904828,2,1,1491,2109,1.250000,0.000000,4500,no
199,SELL,-1.379966,21:07:23.335534749,no,-,-,-,-,0.100000,10.000000,0.904828,2,1,1495,2105,1.250000,0.000000,4500,no
200,SELL,-1.181971,21:07:23.335534749,no,-,-,-,-,0.100000,10.000000,0.904828,2,1,1549,2051,1.250000,0.000000,4500,no
201,SELL,-2.436041,21:07:23.335534749,no,-,-,-,-,0.100000,10.000000,0.904828,2,1,1562,2038,1.250000,0.000000,4500,no
202,SELL,-1.159430,21:07:23.335534749,no,-,-,-,-,0.100000,10.000000,0.904828,2,1,1565,2035,1.250000,0.000000,4500,no
203,SELL,-2.726707,21:07:23.335534749,no,-,-,-,-,0.100000,10.000000,0.904828,2,1,1568,2032,1.250000,0.000000,4500,no
204,SELL,-0.762663,21:07:23.335534749,no,-,-,-,-,0.100000,10.000000,0.904828,2,1,1572,2028,1.250000,0.000000,4500,no
205,SELL,-2.090715,21:07:23.335534749,no,-,-,-,-,0.100000,10.000000,0.904828,2,1,1577,2023,1.250000,0.000000,4500,no
206,SELL,-2.568910,21:07:23.335534749,no,-,-,-,-,0.100000,10.000000,0.904828,2,1,1580,2020,1.250000,0.000000,4500,no
207,SELL,-3.247155,21:07:23.335534749,no,-,-,-,-,0.100000,10.000000,0.904828,2,1,1584,2016,1.250000,0.000000,4500,no
208,SELL,-2.447388,21:07:23.335534749,no,-,-,-,-,0.100000,10.000000,0.904828,2,1,1588,2012,1.250000,0.000000,4500,no
209,SELL,-3.661457,21:07:23.335534749,no,-,-,-,-,0.100000,10.000000,0.904828,2,1,1593,2007,1.250000,0.000000,4500,no
210,SELL,-4.264271,21:07:23.335534749,no,-,-,-,-,0.100000,10.000000,0.904828,2,1,1612,1988,1.250000,0.000000,4500,no
211,SELL,-4.304143,21:07:23.335534749,no,-,-,-,-,0.100000,10.000000,0.904828,2,1,1617,1983,1.250000,0.000000,4500,no
212,SELL,-2.250933,21:07:23.335534749,no,-,-,-,-,0.100000,10.000000,0.904828,2,1,1620,1980,1.250000,0.000000,4500,no
213,SELL,-3.678123,21:07:23.335534749,no,-,-,-,-,0.100000,10.000000,0.904828,2,1,1624,1976,1.250000,0.000000,4500,no
214,SELL,-2.353692,21:07:23.335534749,no,-,-,-,-,0.100000,10.000000,0.904828,2,1,1626,1974,1.250000,0.000000,4500,no
215,SELL,-2.551798,21:07:23.335534749,no,-,-,-,-,0.100000,10.000000,0.904828,2,1,1631,1969,1.250000,0.000000,4500,no
216,SELL,-3.002319,21:07:23.335534749,no,-,-,-,-,0.100000,10.000000,0.904828,2,1,1638,1962,1.250000,0.000000,4500,no
217,SELL,-2.067193,21:07:23.335534749,no,-,-,-,-,0.100000,10.000000,0.904828,2,1,1649,1951,1.250000,0.000000,4500,no
218,SELL,-4.204015,21:07:23.335534749,no,-,-,-,-,0.100000,10.000000,0.904828,2,1,1653,1947,1.250000,0.000000,4500,no
219,SELL,-2.147532,21:07:23.335534749,no,-,-,-,-,0.100000,10.000000,0.904828,2,1,1657,1943,1.250000,0.000000,4500,no
220,SELL,-5.536047,21:07:23.335534749,no,-,-,-,-,0.100000,10.000000,0.904828,2,1,4927,-1327,1.250000,0.000000,4500,yes
221,SELL,-5.274616,21:07:23.335534749,no,-,-,-,-,0.100000,10.000000,0.904828,2,1,4930,-1330,1.250000,0.000000,4500,yes
222,SELL,-5.291183,21:07:23.335534749,no,-,-,-,-,0.100000,10.000000,0.904828,2,1,4935,-1335,1.250000,0.000000,4500,yes
223,SELL,-6.288991,21:07:23.335534749,no,-,-,-,-,0.100000,10.000000,0.904828,2,1,4939,-1339,1.250000,0.000000,4500,yes
224,SELL,-3.654049,21:07:23.335534749,no,-,-,-,-,0.100000,10.000000,0.904828,2,1,4942,-1342,1.250000,0.000000,4500,yes
225,SELL,-2.920430,21:07:23.335534749,no,-,-,-,-,0.100000,10.000000,0.904828,2,1,4946,-1346,1.250000,0.000000,4500,yes
226,SELL,-1.727082,21:07:23.335534749,no,-,-,-,-,0.100000,10.000000,0.904828,2,1,4949,-1349,1.250000,0.000000,4500,yes
227,SELL,-2.971685,21:07:23.335534749,no,-,-,-,-,0.100000,10.000000,0.904828,2,1,4954,-1354,1.250000,0.000000,4500,yes
228,SELL,-4.702940,21:07:23.335534749,no,-,-,-,-,0.100000,10.000000,0.904828,2,1,4958,-1358,1.250000,0.000000,4500,yes
229,SELL,-5.908432,21:07:23.335534749,no,-,-,-,-,0.100000,10.000000,0.904828,2,1,4961,-1361,1.250000,0.000000,4500,yes
230,SELL,-5.398412,21:07:23.335534749,no,-,-,-,-,0.100000,10.000000,0.904828,2,1,4965,-1365,1.250000,0.000000,4500,yes
231,SELL,-5.810897,21:07:23.335534749,no,-,-,-,-,0.100000,10.000000,0.904828,2,1,4968,-1368,1.250000,0.000000,4500,yes
232,SELL,-7.197955,21:07:23.335534749,no,-,-,-,-,0.100000,10.000000,0.904828,2,1,4972,-1372,1.250000,0.000000,4500,yes
233,SELL,-7.132032,21:07:23.335534749,no,-,-,-,-,0.100000,10.000000,0.904828,2,1,4977,-1377,1.250000,0.000000,4500,yes
234,SELL,-6.557099,21:07:23.335534749,no,-,-,-,-,0.100000,10.000000,0.904828,2,1,4981,-1381,1.250000,0.000000,4500,yes
235,SELL,-3.987598,21:07:23.335534749,no,-,-,-,-,0.100000,10.000000,0.904828,2,1,4985,-1385,1.250000,0.000000,4500,yes
236,SELL,-0.332898,21:07:23.335534749,no,-,-,-,-,0.100000,10.000000,0.904828,2,1,4990,-1390,1.250000,0.000000,4500,yes
237,SELL,-3.494622,21:07:23.335534749,no,-,-,-,-,0.100000,10.000000,0.904828,2,1,4994,-1394,1.250000,0.000000,4500,yes
238,SELL,-2.578233,21:07:23.335534749,no,-,-,-,-,0.100000,10.000000,0.904828,2,1,4999,-1399,1.250000,0.000000,4500,yes
239,SELL,-1.729990,21:07:23.335534749,no,-,-,-,-,0.100000,10.000000,0.904828,2,1,5004,-1404,1.250000,0.000000,4500,yes
240,SELL,-3.586641,21:07:23.335534749,no,-,-,-,-,0.100000,10.000000,0.904828,2,1,5032,-1432,1.250000,0.000000,4500,yes
241,SELL,-3.474781,21:07:23.335534749,no,-,-,-,-,0.100000,10.000000,0.904828,2,1,5035,-1435,1.250000,0.000000,4500,yes
242,SELL,-4.220520,21:07:23.335534749,no,-,-,-,-,0.100000,10.000000,0.904828,2,1,5038,-1438,1.250000,0.000000,4500,yes
243,SELL,-2.069046,21:07:23.335534749,no,-,-,-,-,0.100000,10.000000,0.904828,2,1,5041,-1441,1.250000,0.000000,4500,yes
244,SELL,2.600514,21:07:23.335534749,no,-,-,-,-,0.100000,10.000000,0.904828,2,1,11325,-7725,1.250000,0.000000,4500,yes
245,SELL,4.510956,21:07:23.335534749,no,-,-,-,-,0.100000,10.000000,0.904828,2,1,11336,-7736,1.250000,0.000000,4500,yes
246,SELL,3.631246,21:07:23.335534749,no,-,-,-,-,0.100000,10.000000,0.904828,2,1,11348,-7748,1.250000,0.000000,4500,yes
247,SELL,4.356149,21:07:23.335534749,no,-,-,-,-,0.100000,10.000000,0.904828,2,1,11357,-7757,1.250000,0.000000,4500,yes
248,SELL,2.993614,21:07:23.335534749,no,-,-,-,-,0.100000,10.000000,0.904828,2,1,11369,-7769,1.250000,0.000000,4500,yes
249,SELL,4.663071,21:07:23.335534749,no,-,-,-,-,0.100000,10.000000,0.904828,2,1,11380,-7780,1.250000,0.000000,4500,yes
250,SELL,3.684928,21:07:23.335534749,no,-,-,-,-,0.100000,10.000000,0.904828,2,1,11389,-7789,1.250000,0.000000,4500,yes
251,SELL,4.816229,21:07:23.335534749,no,-,-,-,-,0.100000,10.000000,0.904828,2,1,11400,-7800,1.250000,0.000000,4500,yes
252,SELL,5.940983,21:07:23.335534749,no,-,-,-,-,0.100000,10.000000,0.904828,2,1,11412,-7812,1.250000,0.000000,4500,yes
253,SELL,4.090333,21:07:23.335534749,no,-,-,-,-,0.100000,10.000000,0.904828,2,1,11421,-7821,1.250000,0.000000,4500,yes
254,SELL,1.285402,21:07:23.335534749,no,-,-,-,-,0.100000,10.000000,0.904828,2,1,11432,-7832,1.250000,0.000000,4500,yes
255,SELL,6.532992,21:07:23.335534749,no,-,-,-,-,0.100000,10.000000,0.904828,2,1,11444,-7844,1.250000,0.000000,4500,yes
256,SELL,5.889267,21:07:23.335534749,no,-,-,-,-,0.100000,10.000000,0.904828,2,1,11454,-7854,1.250000,0.000000,4500,yes
257,SELL,6.850967,21:07:23.335534749,no,-,-,-,-,0.100000,10.000000,0.904828,2,1,11464,-7864,1.250000,0.000000,4500,yes
258,SELL,6.901754,21:07:23.335534749,no,-,-,-,-,0.100000,10.000000,0.904828,2,1,11475,-7875,1.250000,0.000000,4500,yes
259,SELL,14.454796,21:07:23.335534749,no,-,-,-,-,0.100000,10.000000,0.904828,2,1,11486,-7886,1.250000,0.000000,4500,yes
260,SELL,12.720695,21:07:23.335534749,no,-,-,-,-,0.100000,10.000000,0.904828,2,1,11497,-7897,1.250000,0.000000,4500,yes
261,SELL,5.932454,21:07:23.335534749,no,-,-,-,-,0.100000,10.000000,0.904828,2,1,11508,-7908,1.250000,0.000000,4500,yes
262,SELL,4.435821,21:07:23.335534749,no,-,-,-,-,0.100000,10.000000,0.904828,2,1,11518,-7918,1.250000,0.000000,4500,yes
263,SELL,7.740152,21:07:23.335534749,no,-,-,-,-,0.100000,10.000000,0.904828,2,1,11531,-7931,1.250000,0.000000,4500,yes
264,SELL,4.101126,21:07:23.335534749,no,-,-,-,-,0.100000,10.000000,0.904828,2,1,11542,-7942,1.250000,0.000000,4500,yes
265,SELL,0.328726,21:07:23.335534749,no,-,-,-,-,0.100000,10.000000,0.904828,2,1,11552,-7952,1.250000,0.000000,4500,yes
266,SELL,0.845380,21:07:23.335534749,no,-,-,-,-,0.100000,10.000000,0.904828,2,1,11563,-7963,1.250000,0.000000,4500,yes
267,SELL,2.266154,21:07:23.335534749,no,-,-,-,-,0.100000,10.000000,0.904828,2,1,11574,-7974,1.250000,0.000000,4500,yes
268,SELL,2.684308,21:07:23.335534749,no,-,-,-,-,0.100000,10.000000,0.904828,2,1,11584,-7984,1.250000,0.000000,4500,yes
269,SELL,-1.960044,21:07:23.335534749,no,-,-,-,-,0.100000,10.000000,0.904828,2,1,11595,-7995,1.250000,0.000000,4500,yes
270,SELL,-2.196582,21:07:23.335534749,no,-,-,-,-,0.100000,10.000000,0.904828,2,1,11606,-8006,1.250000,0.000000,4500,yes
271,SELL,-2.673592,21:07:23.335534749,no,-,-,-,-,0.100000,10.000000,0.904828,2,1,11617,-8017,1.250000,0.000000,4500,yes
272,SELL,-2.521225,21:07:23.335534749,no,-,-,-,-,0.100000,10.000000,0.904828,2,1,11628,-8028,1.250000,0.000000,4500,yes
273,SELL,-2.081192,21:07:23.335534749,no,-,-,-,-,0.100000,10.000000,0.904828,2,1,11639,-8039,1.250000,0.000000,4500,yes
274,SELL,-0.570086,21:07:23.335534749,no,-,-,-,-,0.100000,10.000000,0.904828,2,1,11649,-8049,1.250000,0.000000,4500,yes
275,SELL,-0.491786,21:07:23.335534749,no,-,-,-,-,0.100000,10.000000,0.904828,2,1,11660,-8060,1.250000,0.000000,4500,yes
276,SELL,2.115928,21:07:23.335534749,no,-,-,-,-,0.100000,10.000000,0.904828,2,1,11670,-8070,1.250000,0.000000,4500,yes
277,SELL,0.424397,21:07:23.335534749,no,-,-,-,-,0.100000,10.000000,0.904828,2,1,11681,-8081,1.250000,0.000000,4500,yes
278,SELL,2.227324,21:07:23.335534749,no,-,-,-,-,0.100000,10.000000,0.904828,2,1,11692,-8092,1.250000,0.000000,4500,yes
279,SELL,0.920592,21:07:23.335534749,no,-,-,-,-,0.100000,10.000000,0.904828,2,1,11702,-8102,1.250000,0.000000,4500,yes
280,SELL,-0.076482,21:07:23.335534749,no,-,-,-,-,0.100000,10.000000,0.904828,2,1,11712,-8112,1.250000,0.000000,4500,yes
281,SELL,3.539034,21:07:23.335534749,no,-,-,-,-,0.100000,10.000000,0.904828,2,1,11723,-8123,1.250000,0.000000,4500,yes
282,SELL,2.115278,21:07:23.335534749,no,-,-,-,-,0.100000,10.000000,0.904828,2,1,11733,-8133,1.250000,0.000000,4500,yes
283,SELL,1.779016,21:07:23.335534749,no,-,-,-,-,0.100000,10.000000,0.904828,2,1,11744,-8144,1.250000,0.000000,4500,yes
284,SELL,1.757725,21:07:23.335534749,no,-,-,-,-,0.100000,10.000000,0.904828,2,1,11755,-8155,1.250000,0.000000,4500,yes
285,SELL,-0.985484,21:07:23.335534749,no,-,-,-,-,0.100000,10.000000,0.904828,2,1,11765,-8165,1.250000,0.000000,4500,yes
286,SELL,-0.576287,21:07:23.335534749,no,-,-,-,-,0.100000,10.000000,0.904828,2,1,11777,-8177,1.250000,0.000000,4500,yes
287,SELL,-0.350598,21:07:23.335534749,no,-,-,-,-,0.100000,10.000000,0.904828,2,1,11786,-8186,1.250000,0.000000,4500,yes
288,SELL,-0.395792,21:07:23.335534749,no,-,-,-,-,0.100000,10.000000,0.904828,2,1,11796,-8196,1.250000,0.000000,4500,yes
289,SELL,0.537944,21:07:23.335534749,no,-,-,-,-,0.100000,10.000000,0.904828,2,1,11808,-8208,1.250000,0.000000,4500,yes
290,SELL,0.624784,21:07:23.335534749,no,-,-,-,-,0.100000,10.000000,0.904828,2,1,11819,-8219,1.250000,0.000000,4500,yes
291,SELL,4.543878,21:07:23.335534749,no,-,-,-,-,0.100000,10.000000,0.904828,2,1,11829,-8229,1.250000,0.000000,4500,yes
292,SELL,9.762583,21:07:23.335534749,no,-,-,-,-,0.100000,10.000000,0.904828,2,1,11839,-8239,1.250000,0.000000,4500,yes
293,SELL,2.085236,21:07:23.335534749,no,-,-,-,-,0.100000,10.000000,0.904828,2,1,11849,-8249,1.250000,0.000000,4500,yes
294,SELL,2.245461,21:07:23.335534749,no,-,-,-,-,0.100000,10.000000,0.904828,2,1,11860,-8260,1.250000,0.000000,4500,yes
295,SELL,2.286069,21:07:23.335534749,no,-,-,-,-,0.100000,10.000000,0.904828,2,1,11871,-8271,1.250000,0.000000,4500,yes
296,SELL,2.834521,21:07:23.335534749,no,-,-,-,-,0.100000,10.000000,0.904828,2,1,11932,-8332,1.250000,0.000000,4500,yes
297,SELL,-3.210651,21:07:23.335534749,no,-,-,-,-,0.100000,10.000000,0.904828,2,1,11938,-8338,1.250000,0.000000,4500,yes
298,SELL,-1.306720,21:07:23.335534749,no,-,-,-,-,0.100000,10.000000,0.904828,2,1,11944,-8344,1.250000,0.000000,4500,yes
299,SELL,1.221778,21:07:23.335534749,no,-,-,-,-,0.100000,10.000000,0.904828,2,1,11954,-8354,1.250000,0.000000,4500,yes
300,SELL,2.847078,21:07:23.335534749,no,-,-,-,-,0.100000,10.000000,0.904828,2,1,11964,-8364,1.250000,0.000000,4500,yes
301,SELL,-1.206119,21:07:23.335534749,no,-,-,-,-,0.100000,10.000000,0.904828,2,1,11975,-8375,1.250000,0.000000,4500,yes
302,SELL,-1.676629,21:07:23.335534749,no,-,-,-,-,0.100000,10.000000,0.904828,2,1,11987,-8387,1.250000,0.000000,4500,yes
303,SELL,3.533121,21:07:23.335534749,no,-,-,-,-,0.100000,10.000000,0.904828,2,1,11996,-8396,1.250000,0.000000,4500,yes
304,SELL,0.608187,21:07:23.335534749,no,-,-,-,-,0.100000,10.000000,0.904828,2,1,12007,-8407,1.250000,0.000000,4500,yes
305,SELL,-1.148150,21:07:23.335534749,no,-,-,-,-,0.100000,10.000000,0.904828,2,1,12019,-8419,1.250000,0.000000,4500,yes
306,SELL,-2.110143,21:07:23.335534749,no,-,-,-,-,0.100000,10.000000,0.904828,2,1,12028,-8428,1.250000,0.000000,4500,yes
307,SELL,-0.718656,21:07:23.335534749,no,-,-,-,-,0.100000,10.000000,0.904828,2,1,12038,-8438,1.250000,0.000000,4500,yes
308,SELL,7.677430,21:07:23.335534749,no,-,-,-,-,0.100000,10.000000,0.904828,2,1,12049,-8449,1.250000,0.000000,4500,yes
309,SELL,3.844957,21:07:23.335534749,no,-,-,-,-,0.100000,10.000000,0.904828,2,1,18250,-14650,1.250000,0.000000,4500,yes
310,SELL,3.521332,21:07:23.335534749,no,-,-,-,-,0.100000,10.000000,0.904828,2,1,18254,-14654,1.250000,0.000000,4500,yes
