轮数,方向,预测值,算法开始时间,是否下单,下单价格,档位,下单量,下单耗时(从预测到下单),r1,r2,std,freq,qty_scalar,经过时间,剩余时间,目标速度,实际速度,剩余量,是否为最后一轮
1,BUY,-1.177135,21:07:23.335379311,no,-,-,-,-,0.909091,1.100000,0.783234,2,1,332,3268,15.000000,0.000000,54000,no
2,BUY,-1.432116,21:07:23.335379311,no,-,-,-,-,0.826446,1.210000,0.783234,2,1,336,3264,15.000000,0.000000,54000,no
3,BUY,-0.707202,21:07:23.335379311,no,-,-,-,-,0.751315,1.331000,0.783234,2,1,339,3261,15.000000,0.000000,54000,no
4,BUY,-0.871192,21:07:23.335379311,no,-,-,-,-,0.683013,1.464100,0.783234,2,1,343,3257,15.000000,0.000000,54000,no
5,BUY,-0.432636,21:07:23.335379311,no,-,-,-,-,0.620921,1.610510,0.783234,2,1,347,3253,15.000000,0.000000,54000,no
6,BUY,-0.907802,21:07:23.335379311,no,-,-,-,-,0.564474,1.771561,0.783234,2,1,351,3249,15.000000,0.000000,54000,no
7,BUY,-1.256276,21:07:23.335379311,no,-,-,-,-,0.513158,1.948717,0.783234,2,1,356,3244,15.000000,0.000000,54000,no
8,BUY,-0.462372,21:07:23.335379311,no,-,-,-,-,0.466507,2.143589,0.783234,2,1,360,3240,15.000000,0.000000,54000,no
9,BUY,-0.926160,21:07:23.335379311,no,-,-,-,-,0.424098,2.357948,0.783234,2,1,363,3237,15.000000,0.000000,54000,no
10,BUY,-0.699664,21:07:23.335379311,no,-,-,-,-,0.385543,2.593742,0.783234,2,1,367,3233,15.000000,0.000000,54000,no
11,BUY,0.151334,21:07:23.335379311,no,-,-,-,-,0.350494,2.853117,0.783234,2,1,370,3230,15.000000,0.000000,54000,no
12,BUY,0.106129,21:07:23.335379311,no,-,-,-,-,0.318631,3.138428,0.783234,2,1,373,3227,15.000000,0.000000,54000,no
13,BUY,0.024678,21:07:23.335379311,no,-,-,-,-,0.289664,3.452271,0.783234,2,1,377,3223,15.000000,0.000000,54000,no
14,BUY,0.196249,21:07:23.335379311,no,-,-,-,-,0.263331,3.797498,0.783234,2,1,381,3219,15.000000,0.000000,54000,no
15,BUY,0.094658,21:07:23.335379311,no,-,-,-,-,0.239392,4.177248,0.783234,2,1,383,3217,15.000000,0.000000,54000,no
16,BUY,0.114242,21:07:23.335379311,no,-,-,-,-,0.217629,4.594973,0.783234,2,1,388,3212,15.000000,0.000000,54000,no
17,BUY,-0.139167,21:07:23.335379311,no,-,-,-,-,0.197845,5.054470,0.783234,2,1,392,3208,15.000000,0.000000,54000,no
18,BUY,0.119005,21:07:23.335379311,no,-,-,-,-,0.179859,5.559917,0.783234,2,1,397,3203,15.000000,0.000000,54000,no
19,BUY,0.200699,21:07:23.335379311,yes,22.739900,ask1,600,00:00:00.000035130,0.163508,6.115909,0.783234,2,1,399,3201,15.000000,1.503700,53400,no
20,BUY,0.314417,21:07:23.335379311,yes,22.739900,ask1,600,00:00:00.000037424,0.148644,6.727500,0.783234,2,1,402,3198,15.000000,2.985000,52800,no
21,BUY,0.196762,21:07:23.335379311,yes,22.739900,ask1,700,00:00:00.000054907,0.135131,7.400250,0.783234,2,1,407,3193,15.000000,4.668300,52100,no
22,BUY,-0.580539,21:07:23.335379311,no,-,-,-,-,0.122846,8.140275,0.783234,2,1,410,3190,15.000000,4.634100,52100,no
23,BUY,-0.105621,21:07:23.335379311,no,-,-,-,-,0.111678,8.954302,0.783234,2,1,412,3188,15.000000,4.611600,52100,no
24,BUY,0.527812,21:07:23.335379311,yes,22.730000,ask1,900,00:00:00.000046432,0.101526,9.849733,0.783234,2,1,417,3183,15.000000,6.714600,51200,no
25,BUY,-0.334740,21:07:23.335379311,no,-,-,-,-,0.100000,10.000000,0.783234,2,1,422,3178,15.000000,6.635000,51200,no
26,BUY,0.036905,21:07:23.335379311,no,-,-,-,-,0.100000,10.000000,0.783234,2,1,427,3173,15.000000,6.557300,51200,no
27,BUY,-0.401869,21:07:23.335379311,no,-,-,-,-,0.100000,10.000000,0.783234,2,1,432,3168,15.000000,6.481400,51200,no
28,BUY,-0.708519,21:07:23.335379311,no,-,-,-,-,0.100000,10.000000,0.783234,2,1,438,3162,15.000000,6.392600,51200,no
29,BUY,-0.555489,21:07:23.335379311,no,-,-,-,-,0.100000,10.000000,0.783234,2,1,442,3158,15.000000,6.334800,51200,no
30,BUY,-0.248152,21:07:23.335379311,no,-,-,-,-,0.100000,10.000000,0.783234,2,1,445,3155,15.000000,6.292100,51200,no
31,BUY,-0.850675,21:07:23.335379311,no,-,-,-,-,0.100000,10.000000,0.783234,2,1,448,3152,15.000000,6.250000,51200,no
32,BUY,-1.302324,21:07:23.335379311,no,-,-,-,-,0.100000,10.000000,0.783234,2,1,452,3148,15.000000,6.194600,51200,no
33,BUY,-1.260633,21:07:23.335379311,no,-,-,-,-,0.100000,10.000000,0.783234,2,1,457,3143,15.000000,6.126900,51200,no
34,BUY,-0.506781,21:07:23.335379311,no,-,-,-,-,0.100000,10.000000,0.783234,2,1,461,3139,15.000000,6.073700,51200,no
35,BUY,-0.992382,21:07:23.335379311,no,-,-,-,-,0.100000,10.000000,0.783234,2,1,464,3136,15.000000,6.034400,51200,no
36,BUY,-0.816995,21:07:23.335379311,no,-,-,-,-,0.100000,10.000000,0.783234,2,1,467,3133,15.000000,5.995700,51200,no
37,BUY,-0.856243,21:07:23.335379311,no,-,-,-,-,0.100000,10.000000,0.783234,2,1,471,3129,15.000000,5.944700,51200,no
38,BUY,-0.566815,21:07:23.335379311,no,-,-,-,-,0.100000,10.000000,0.783234,2,1,475,3125,15.000000,5.894700,51200,no
39,BUY,-0.164992,21:07:23.335379311,no,-,-,-,-,0.100000,10.000000,0.783234,2,1,480,3120,15.000000,5.833300,51200,no
40,BUY,-0.475314,21:07:23.335379311,no,-,-,-,-,0.100000,10.000000,0.783234,2,1,483,3117,15.000000,5.797100,51200,no
41,BUY,-0.134387,21:07:23.335379311,no,-,-,-,-,0.100000,10.000000,0.783234,2,1,487,3113,15.000000,5.749400,51200,no
42,BUY,0.225619,21:07:23.335379311,yes,22.650000,ask1,1000,00:00:00.000065819,0.100000,10.000000,0.783234,2,1,490,3110,15.000000,7.755100,50200,no
43,BUY,2.551267,21:07:23.335379311,yes,22.640000,ask1,1000,00:00:00.000039595,0.100000,10.000000,0.783234,2,1,495,3105,15.000000,9.696900,49200,no
44,BUY,1.454621,21:07:23.335379311,yes,22.640000,ask1,1000,00:00:00.000043284,0.100000,10.000000,0.783234,2,1,501,3099,15.000000,11.576800,48200,no
45,BUY,0.607958,21:07:23.335379311,yes,22.700000,ask1,1000,00:00:00.000044248,0.100000,10.000000,0.783234,2,1,505,3095,15.000000,13.465300,47200,no
46,BUY,0.919818,21:07:23.335379311,yes,22.700000,ask1,1000,00:00:00.000039118,0.100000,10.000000,0.783234,2,1,509,3091,15.000000,15.324100,46200,no
47,BUY,0.356966,21:07:23.335379311,yes,22.709900,ask1,1000,00:00:00.000036892,0.100000,10.000000,0.783234,2,1,514,3086,15.000000,17.120600,45200,no
48,BUY,-0.521029,21:07:23.335379311,no,-,-,-,-,0.100000,10.000000,0.783234,2,1,518,3082,15.000000,16.988400,45200,no
49,BUY,-0.109848,21:07:23.335379311,no,-,-,-,-,0.100000,10.000000,0.783234,2,1,522,3078,15.000000,16.858200,45200,no
50,BUY,2.055773,21:07:23.335379311,yes,22.709900,ask1,1000,00:00:00.000040521,0.100000,10.000000,0.783234,2,1,528,3072,15.000000,18.560600,44200,no
51,BUY,1.073908,21:07:23.335379311,yes,22.759900,ask1,1000,00:00:00.000043763,0.100000,10.000000,0.783234,2,1,530,3070,15.000000,20.377300,43200,no
52,BUY,0.469818,21:07:23.335379311,yes,22.759900,ask1,1000,00:00:00.000044297,0.100000,10.000000,0.783234,2,1,535,3065,15.000000,22.056000,42200,no
53,BUY,-1.145187,21:07:23.335379311,no,-,-,-,-,0.100000,10.000000,0.783234,2,1,539,3061,15.000000,21.892300,42200,no
54,BUY,-0.745251,21:07:23.335379311,no,-,-,-,-,0.100000,10.000000,0.783234,2,1,546,3054,15.000000,21.611700,42200,no
55,BUY,-0.481367,21:07:23.335379311,no,-,-,-,-,0.100000,10.000000,0.783234,2,1,554,3046,15.000000,21.299600,42200,no
56,BUY,-0.325504,21:07:23.335379311,no,-,-,-,-,0.100000,10.000000,0.783234,2,1,557,3043,15.000000,21.184900,42200,no
57,BUY,-0.925513,21:07:23.335379311,no,-,-,-,-,0.100000,10.000000,0.783234,2,1,563,3037,15.000000,20.959100,42200,no
58,BUY,-1.228084,21:07:23.335379311,no,-,-,-,-,0.100000,10.000000,0.783234,2,1,568,3032,15.000000,20.774600,42200,no
59,BUY,-1.598649,21:07:23.335379311,no,-,-,-,-,0.100000,10.000000,0.783234,2,1,571,3029,15.000000,20.665400,42200,no
60,BUY,-1.605838,21:07:23.335379311,no,-,-,-,-,0.100000,10.000000,0.783234,2,1,576,3024,15.000000,20.486100,42200,no
61,BUY,-0.980442,21:07:23.335379311,no,-,-,-,-,0.100000,10.000000,0.783234,2,1,579,3021,15.000000,20.379900,42200,no
62,BUY,-0.039113,21:07:23.335379311,no,-,-,-,-,0.100000,10.000000,0.783234,2,1,583,3017,15.000000,20.240100,42200,no
63,BUY,0.220771,21:07:23.335379311,yes,22.739900,ask1,1000,00:00:00.000043422,0.100000,10.000000,0.783234,2,1,587,3013,15.000000,21.805700,41200,no
64,BUY,0.370713,21:07:23.335379311,yes,22.759900,ask1,1000,00:00:00.000066089,0.100000,10.000000,0.783234,2,1,592,3008,15.000000,23.310800,40200,no
65,BUY,0.481174,21:07:23.335379311,yes,22.750000,ask1,1000,00:00:00.000043433,0.100000,10.000000,0.783234,2,1,595,3005,15.000000,24.873900,39200,no
66,BUY,2.068502,21:07:23.335379311,yes,22.750000,ask1,1000,00:00:00.000042026,0.100000,10.000000,0.783234,2,1,600,3000,15.000000,26.333300,38200,no
67,BUY,1.367110,21:07:23.335379311,yes,22.770000,ask1,1000,00:00:00.000036535,0.100000,10.000000,0.783234,2,1,605,2995,15.000000,27.768500,37200,no
68,BUY,1.102077,21:07:23.335379311,yes,22.770000,ask1,1000,00:00:00.000036009,0.100000,10.000000,0.783234,2,1,608,2992,15.000000,27.631500,37200,no
69,BUY,0.541104,21:07:23.335379311,yes,22.750000,ask1,1000,00:00:00.000039218,0.100000,10.000000,0.783234,2,1,611,2989,15.000000,30.769200,35200,no
70,BUY,0.916890,21:07:23.335379311,yes,22.750000,ask1,900,00:00:00.000035869,0.110000,9.090909,0.783234,2,1,615,2985,15.000000,32.032500,34300,no
71,BUY,0.873743,21:07:23.335379311,yes,22.750000,ask1,800,00:00:00.000043315,0.121000,8.264463,0.783234,2,1,618,2982,15.000000,33.171500,33500,no
72,BUY,0.287546,21:07:23.335379311,yes,22.750000,ask1,700,00:00:00.000036905,0.133100,7.513148,0.783234,2,1,621,2979,15.000000,34.138400,32800,no
73,BUY,0.157575,21:07:23.335379311,yes,22.759900,ask1,600,00:00:00.000044169,0.146410,6.830135,0.783234,2,1,625,2975,15.000000,34.880000,32200,no
74,BUY,0.566334,21:07:23.335379311,yes,22.759900,ask1,600,00:00:00.000036373,0.161051,6.209213,0.783234,2,1,630,2970,15.000000,35.555500,31600,no
75,BUY,0.433638,21:07:23.335379311,yes,22.759900,ask1,500,00:00:00.000038353,0.177156,5.644739,0.783234,2,1,634,2966,15.000000,36.119800,31100,no
76,BUY,0.651727,21:07:23.335379311,yes,22.739900,ask1,500,00:00:00.000036419,0.194872,5.131581,0.783234,2,1,637,2963,15.000000,36.734600,30600,no
77,BUY,0.940630,21:07:23.335379311,yes,22.759900,ask1,400,00:00:00.000039979,0.214359,4.665074,0.783234,2,1,640,2960,15.000000,37.187500,30200,no
78,BUY,0.269274,21:07:23.335379311,yes,22.759900,ask1,400,00:00:00.000037441,0.235795,4.240976,0.783234,2,1,642,2958,15.000000,37.694700,29800,no
79,BUY,-0.321985,21:07:23.335379311,no,-,-,-,-,0.259374,3.855433,0.783234,2,1,645,2955,15.000000,37.519300,29800,no
80,BUY,0.783128,21:07:23.335379311,yes,22.730000,ask1,300,00:00:00.000037879,0.285312,3.504939,0.783234,2,1,648,2952,15.000000,37.808600,29500,no
81,BUY,1.196643,21:07:23.335379311,yes,22.739900,ask1,300,00:00:00.000039640,0.313843,3.186308,0.783234,2,1,651,2949,15.000000,38.095200,29200,no
82,BUY,0.745911,21:07:23.335379311,yes,22.770000,ask1,200,00:00:00.000038281,0.345227,2.896644,0.783234,2,1,655,2945,15.000000,38.167900,29000,no
83,BUY,0.565384,21:07:23.335379311,yes,22.770000,ask1,200,00:00:00.000039441,0.379750,2.633313,0.783234,2,1,659,2941,15.000000,38.239700,28800,no
84,BUY,0.585385,21:07:23.335379311,yes,22.759900,ask1,200,00:00:00.000038591,0.417725,2.393920,0.783234,2,1,663,2937,15.000000,38.310700,28600,no
85,BUY,0.547103,21:07:23.335379311,yes,22.750000,ask1,200,00:00:00.000044278,0.459497,2.176291,0.783234,2,1,668,2932,15.000000,38.323300,28400,no
86,BUY,1.722668,21:07:23.335379311,yes,22.750000,ask1,100,00:00:00.000037184,0.505447,1.978447,0.783234,2,1,670,2930,15.000000,38.358200,28300,no
87,BUY,1.304150,21:07:23.335379311,yes,22.770000,ask1,100,00:00:00.000037859,0.555992,1.798588,0.783234,2,1,673,2927,15.000000,38.335800,28200,no
88,BUY,1.467375,21:07:23.335379311,yes,22.770000,ask1,100,00:00:00.000038289,0.611591,1.635080,0.783234,2,1,677,2923,15.000000,38.257000,28100,no
89,BUY,1.721375,21:07:23.335379311,yes,22.759900,ask1,100,00:00:00.000047522,0.672750,1.486436,0.783234,2,1,680,2920,15.000000,38.235200,28000,no
90,BUY,0.913866,21:07:23.335379311,yes,22.770000,ask1,100,00:00:00.000037016,0.740025,1.351306,0.783234,2,1,684,2916,15.000000,38.157800,27900,no
91,BUY,-0.276480,21:07:23.335379311,no,-,-,-,-,0.814027,1.228460,0.783234,2,1,687,2913,15.000000,37.991200,27900,no
92,BUY,0.473779,21:07:23.335379311,no,-,-,-,-,0.895430,1.116782,0.783234,2,1,690,2910,15.000000,37.826000,27900,no
93,BUY,0.300166,21:07:23.335379311,no,-,-,-,-,0.984973,1.015256,0.783234,2,1,694,2906,15.000000,37.608000,27900,no
94,BUY,0.418393,21:07:23.335379311,no,-,-,-,-,1.083471,0.922960,0.783234,2,1,697,2903,15.000000,37.446100,27900,no
95,BUY,0.908163,21:07:23.335379311,no,-,-,-,-,1.191818,0.839055,0.783234,2,1,702,2898,15.000000,37.179400,27900,no
96,BUY,1.268695,21:07:23.335379311,no,-,-,-,-,1.310999,0.762777,0.783234,2,1,705,2895,15.000000,37.021200,27900,no
97,BUY,0.950136,21:07:23.335379311,no,-,-,-,-,1.442099,0.693433,0.783234,2,1,707,2893,15.000000,36.916500,27900,no
98,BUY,0.849625,21:07:23.335379311,no,-,-,-,-,1.586309,0.630394,0.783234,2,1,711,2889,15.000000,36.708800,27900,no
99,BUY,1.192602,21:07:23.335379311,no,-,-,-,-,1.744940,0.573086,0.783234,2,1,714,2886,15.000000,36.554600,27900,no
100,BUY,0.609091,21:07:23.335379311,no,-,-,-,-,1.919434,0.520987,0.783234,2,1,716,2884,15.000000,36.452500,27900,no
101,BUY,1.016791,21:07:23.335379311,no,-,-,-,-,2.111378,0.473624,0.783234,2,1,719,2881,15.000000,36.300400,27900,no
102,BUY,0.606761,21:07:23.335379311,no,-,-,-,-,2.322515,0.430568,0.783234,2,1,723,2877,15.000000,36.099500,27900,no
103,BUY,0.748563,21:07:23.335379311,no,-,-,-,-,2.554767,0.391425,0.783234,2,1,726,2874,15.000000,35.950400,27900,no
104,BUY,-0.050478,21:07:23.335379311,no,-,-,-,-,2.810244,0.355841,0.783234,2,1,730,2870,15.000000,35.753400,27900,no
105,BUY,-0.042296,21:07:23.335379311,no,-,-,-,-,3.091268,0.323492,0.783234,2,1,734,2866,15.000000,35.558500,27900,no
106,BUY,0.380435,21:07:23.335379311,no,-,-,-,-,3.400395,0.294083,0.783234,2,1,739,2861,15.000000,35.317900,27900,no
107,BUY,-1.474042,21:07:23.335379311,no,-,-,-,-,3.740434,0.267349,0.783234,2,1,744,2856,15.000000,35.080600,27900,no
108,BUY,-2.033316,21:07:23.335379311,no,-,-,-,-,4.114478,0.243044,0.783234,2,1,750,2850,15.000000,34.800000,27900,no
109,BUY,-0.425622,21:07:23.335379311,no,-,-,-,-,4.525926,0.220949,0.783234,2,1,756,2844,15.000000,34.523800,27900,no
110,BUY,-0.848115,21:07:23.335379311,no,-,-,-,-,4.978518,0.200863,0.783234,2,1,759,2841,15.000000,34.387300,27900,no
111,BUY,-1.030452,21:07:23.335379311,no,-,-,-,-,5.476370,0.182603,0.783234,2,1,764,2836,15.000000,34.162300,27900,no
112,BUY,0.030284,21:07:23.335379311,no,-,-,-,-,6.024007,0.166002,0.783234,2,1,767,2833,15.000000,34.028600,27900,no
113,BUY,0.172765,21:07:23.335379311,no,-,-,-,-,6.626408,0.150911,0.783234,2,1,771,2829,15.000000,33.852100,27900,no
114,BUY,-0.828615,21:07:23.335379311,no,-,-,-,-,7.289048,0.137192,0.783234,2,1,774,2826,15.000000,33.720900,27900,no
115,BUY,-0.597043,21:07:23.335379311,no,-,-,-,-,8.017953,0.124720,0.783234,2,1,777,2823,15.000000,33.590700,27900,no
116,BUY,0.256073,21:07:23.335379311,no,-,-,-,-,8.819749,0.113382,0.783234,2,1,782,2818,15.000000,33.375900,27900,no
117,BUY,0.004098,21:07:23.335379311,no,-,-,-,-,9.701723,0.103074,0.783234,2,1,785,2815,15.000000,33.248400,27900,no
118,BUY,-0.619505,21:07:23.335379311,no,-,-,-,-,10.000000,0.100000,0.783234,2,1,787,2813,15.000000,33.163900,27900,no
119,BUY,0.770184,21:07:23.335379311,no,-,-,-,-,10.000000,0.100000,0.783234,2,1,790,2810,15.000000,33.037900,27900,no
120,BUY,1.021209,21:07:23.335379311,no,-,-,-,-,10.000000,0.100000,0.783234,2,1,793,2807,15.000000,32.912900,27900,no
121,BUY,0.278116,21:07:23.335379311,no,-,-,-,-,10.000000,0.100000,0.783234,2,1,796,2804,15.000000,32.788900,27900,no
122,BUY,-0.079980,21:07:23.335379311,no,-,-,-,-,10.000000,0.100000,0.783234,2,1,799,2801,15.000000,32.665800,27900,no
123,BUY,0.139790,21:07:23.335379311,no,-,-,-,-,10.000000,0.100000,0.783234,2,1,803,2797,15.000000,32.503100,27900,no
124,BUY,-0.411562,21:07:23.335379311,no,-,-,-,-,10.000000,0.100000,0.783234,2,1,808,2792,15.000000,32.301900,27900,no
125,BUY,0.460410,21:07:23.335379311,no,-,-,-,-,10.000000,0.100000,0.783234,2,1,810,2790,15.000000,32.222200,27900,no
126,BUY,0.522728,21:07:23.335379311,no,-,-,-,-,10.000000,0.100000,0.783234,2,1,815,2785,15.000000,32.024500,27900,no
127,BUY,-0.234431,21:07:23.335379311,no,-,-,-,-,10.000000,0.100000,0.783234,2,1,819,2781,15.000000,31.868100,27900,no
128,BUY,0.437874,21:07:23.335379311,no,-,-,-,-,10.000000,0.100000,0.783234,2,1,822,2778,15.000000,31.751800,27900,no
129,BUY,-0.154806,21:07:23.335379311,no,-,-,-,-,10.000000,0.100000,0.783234,2,1,825,2775,15.000000,31.636300,27900,no
130,BUY,-0.338214,21:07:23.335379311,no,-,-,-,-,10.000000,0.100000,0.783234,2,1,829,2771,15.000000,31.483700,27900,no
131,BUY,-0.260851,21:07:23.335379311,no,-,-,-,-,10.000000,0.100000,0.783234,2,1,832,2768,15.000000,31.370100,27900,no
132,BUY,-0.279504,21:07:23.335379311,no,-,-,-,-,10.000000,0.100000,0.783234,2,1,835,2765,15.000000,31.257400,27900,no
133,BUY,0.251856,21:07:23.335379311,no,-,-,-,-,10.000000,0.100000,0.783234,2,1,838,2762,15.000000,31.145500,27900,no
134,BUY,-0.147191,21:07:23.335379311,no,-,-,-,-,10.000000,0.100000,0.783234,2,1,841,2759,15.000000,31.034400,27900,no
135,BUY,-0.457933,21:07:23.335379311,no,-,-,-,-,10.000000,0.100000,0.783234,2,1,844,2756,15.000000,30.924100,27900,no
136,BUY,-0.259081,21:07:23.335379311,no,-,-,-,-,10.000000,0.100000,0.783234,2,1,848,2752,15.000000,30.778300,27900,no
137,BUY,-0.206492,21:07:23.335379311,no,-,-,-,-,10.000000,0.100000,0.783234,2,1,851,2749,15.000000,30.669800,27900,no
138,BUY,-0.129140,21:07:23.335379311,no,-,-,-,-,10.000000,0.100000,0.783234,2,1,855,2745,15.000000,30.526300,27900,no
139,BUY,-0.211290,21:07:23.335379311,no,-,-,-,-,10.000000,0.100000,0.783234,2,1,858,2742,15.000000,30.419500,27900,no
140,BUY,-0.373611,21:07:23.335379311,no,-,-,-,-,10.000000,0.100000,0.783234,2,1,861,2739,15.000000,30.313500,27900,no
141,BUY,-0.258714,21:07:23.335379311,no,-,-,-,-,10.000000,0.100000,0.783234,2,1,863,2737,15.000000,30.243300,27900,no
142,BUY,0.195212,21:07:23.335379311,no,-,-,-,-,10.000000,0.100000,0.783234,2,1,867,2733,15.000000,30.103800,27900,no
143,BUY,-0.265573,21:07:23.335379311,no,-,-,-,-,10.000000,0.100000,0.783234,2,1,871,2729,15.000000,29.965500,27900,no
144,BUY,0.408030,21:07:23.335379311,no,-,-,-,-,10.000000,0.100000,0.783234,2,1,876,2724,15.000000,29.794500,27900,no
145,BUY,0.050698,21:07:23.335379311,no,-,-,-,-,10.000000,0.100000,0.783234,2,1,878,2722,15.000000,29.726600,27900,no
146,BUY,0.428009,21:07:23.335379311,no,-,-,-,-,10.000000,0.100000,0.783234,2,1,882,2718,15.000000,29.591800,27900,no
147,BUY,0.738155,21:07:23.335379311,no,-,-,-,-,10.000000,0.100000,0.783234,2,1,885,2715,15.000000,29.491500,27900,no
148,BUY,0.402385,21:07:23.335379311,no,-,-,-,-,10.000000,0.100000,0.783234,2,1,888,2712,15.000000,29.391800,27900,no
149,BUY,1.143439,21:07:23.335379311,no,-,-,-,-,10.000000,0.100000,0.783234,2,1,893,2707,15.000000,29.227300,27900,no
150,BUY,0.630671,21:07:23.335379311,no,-,-,-,-,10.000000,0.100000,0.783234,2,1,896,2704,15.000000,29.129400,27900,no
151,BUY,0.608601,21:07:23.335379311,no,-,-,-,-,10.000000,0.100000,0.783234,2,1,898,2702,15.000000,29.064500,27900,no
152,BUY,0.779600,21:07:23.335379311,no,-,-,-,-,10.000000,0.100000,0.783234,2,1,902,2698,15.000000,28.935600,27900,no
153,BUY,0.350744,21:07:23.335379311,no,-,-,-,-,10.000000,0.100000,0.783234,2,1,905,2695,15.000000,28.839700,27900,no
154,BUY,1.537711,21:07:23.335379311,no,-,-,-,-,10.000000,0.100000,0.783234,2,1,908,2692,15.000000,28.744400,27900,no
155,BUY,0.994262,21:07:23.335379311,no,-,-,-,-,10.000000,0.100000,0.783234,2,1,910,2690,15.000000,28.681300,27900,no
156,BUY,0.901245,21:07:23.335379311,no,-,-,-,-,10.000000,0.100000,0.783234,2,1,1190,2410,15.000000,21.932700,27900,no
157,BUY,0.172284,21:07:23.335379311,no,-,-,-,-,10.000000,0.100000,0.783234,2,1,1194,2406,15.000000,21.859200,27900,no
158,BUY,0.041446,21:07:23.335379311,no,-,-,-,-,10.000000,0.100000,0.783234,2,1,1198,2402,15.000000,21.786300,27900,no
159,BUY,-1.665561,21:07:23.335379311,no,-,-,-,-,10.000000,0.100000,0.783234,2,1,1202,2398,15.000000,21.713800,27900,no
160,BUY,-0.119632,21:07:23.335379311,no,-,-,-,-,10.000000,0.100000,0.783234,2,1,1206,2394,15.000000,21.641700,27900,no
161,BUY,-0.418078,21:07:23.335379311,no,-,-,-,-,10.000000,0.100000,0.783234,2,1,1214,2386,15.000000,21.499100,27900,no
162,BUY,0.710473,21:07:23.335379311,no,-,-,-,-,10.000000,0.100000,0.783234,2,1,1220,2380,15.000000,21.393400,27900,no
163,BUY,1.242132,21:07:23.335379311,no,-,-,-,-,10.000000,0.100000,0.783234,2,1,1226,2374,15.000000,21.288700,27900,no
164,BUY,1.306530,21:07:23.335379311,no,-,-,-,-,10.000000,0.100000,0.783234,2,1,1231,2369,15.000000,21.202200,27900,no
165,BUY,1.166298,21:07:23.335379311,no,-,-,-,-,10.000000,0.100000,0.783234,2,1,1234,2366,15.000000,21.150700,27900,no
166,BUY,0.611919,21:07:23.335379311,no,-,-,-,-,10.000000,0.100000,0.783234,2,1,1238,2362,15.000000,21.082300,27900,no
167,BUY,-0.862401,21:07:23.335379311,no,-,-,-,-,10.000000,0.100000,0.783234,2,1,1242,2358,15.000000,21.014400,27900,no
168,BUY,-0.840585,21:07:23.335379311,no,-,-,-,-,10.000000,0.100000,0.783234,2,1,1248,2352,15.000000,20.913400,27900,no
169,BUY,-0.203776,21:07:23.335379311,no,-,-,-,-,10.000000,0.100000,0.783234,2,1,1252,2348,15.000000,20.846600,27900,no
170,BUY,-0.360070,21:07:23.335379311,no,-,-,-,-,10.000000,0.100000,0.783234,2,1,1255,2345,15.000000,20.796800,27900,no
171,BUY,-0.598913,21:07:23.335379311,no,-,-,-,-,10.000000,0.100000,0.783234,2,1,1259,2341,15.000000,20.730700,27900,no
172,BUY,-0.883166,21:07:23.335379311,no,-,-,-,-,10.000000,0.100000,0.783234,2,1,1264,2336,15.000000,20.648700,27900,no
173,BUY,-0.868056,21:07:23.335379311,no,-,-,-,-,10.000000,0.100000,0.783234,2,1,1269,2331,15.000000,20.567300,27900,no
174,BUY,-0.549033,21:07:23.335379311,no,-,-,-,-,10.000000,0.100000,0.783234,2,1,1272,2328,15.000000,20.518800,27900,no
175,BUY,-0.384835,21:07:23.335379311,no,-,-,-,-,10.000000,0.100000,0.783234,2,1,1275,2325,15.000000,20.470500,27900,no
176,BUY,0.253456,21:07:23.335379311,no,-,-,-,-,10.000000,0.100000,0.783234,2,1,1279,2321,15.000000,20.406500,27900,no
177,BUY,0.015955,21:07:23.335379311,no,-,-,-,-,10.000000,0.100000,0.783234,2,1,1283,2317,15.000000,20.342900,27900,no
178,BUY,0.344873,21:07:23.335379311,no,-,-,-,-,10.000000,0.100000,0.783234,2,1,1287,2313,15.000000,20.279700,27900,no
179,BUY,0.185454,21:07:23.335379311,no,-,-,-,-,10.000000,0.100000,0.783234,2,1,1292,2308,15.000000,20.201200,27900,no
180,BUY,0.249318,21:07:23.335379311,no,-,-,-,-,10.000000,0.100000,0.783234,2,1,1297,2303,15.000000,20.123300,27900,no
181,BUY,0.099995,21:07:23.335379311,no,-,-,-,-,10.000000,0.100000,0.783234,2,1,1300,2300,15.000000,20.076900,27900,no
182,BUY,0.073720,21:07:23.335379311,no,-,-,-,-,10.000000,0.100000,0.783234,2,1,1304,2296,15.000000,20.015300,27900,no
183,BUY,0.763433,21:07:23.335379311,no,-,-,-,-,10.000000,0.100000,0.783234,2,1,1309,2291,15.000000,19.938800,27900,no
184,BUY,0.546928,21:07:23.335379311,no,-,-,-,-,10.000000,0.100000,0.783234,2,1,1313,2287,15.000000,19.878100,27900,no
185,BUY,-0.527810,21:07:23.335379311,no,-,-,-,-,10.000000,0.100000,0.783234,2,1,1316,2284,15.000000,19.832800,27900,no
186,BUY,-0.402011,21:07:23.335379311,no,-,-,-,-,10.000000,0.100000,0.783234,2,1,1320,2280,15.000000,19.772700,27900,no
187,BUY,-0.384504,21:07:23.335379311,no,-,-,-,-,10.000000,0.100000,0.783234,2,1,1326,2274,15.000000,19.683200,27900,no
188,BUY,-0.117365,21:07:23.335379311,no,-,-,-,-,10.000000,0.100000,0.783234,2,1,1330,2270,15.000000,19.624000,27900,no
189,BUY,-0.421139,21:07:23.335379311,no,-,-,-,-,10.000000,0.100000,0.783234,2,1,1335,2265,15.000000,19.550500,27900,no
190,BUY,-0.024805,21:07:23.335379311,no,-,-,-,-,10.000000,0.100000,0.783234,2,1,1338,2262,15.000000,19.506700,27900,no
191,BUY,-0.118904,21:07:23.335379311,no,-,-,-,-,10.000000,0.100000,0.783234,2,1,1345,2255,15.000000,19.405200,27900,no
192,BUY,0.109414,21:07:23.335379311,no,-,-,-,-,10.000000,0.100000,0.783234,2,1,1348,2252,15.000000,19.362000,27900,no
193,BUY,-0.239915,21:07:23.335379311,no,-,-,-,-,10.000000,0.100000,0.783234,2,1,1352,2248,15.000000,19.304700,27900,no
194,BUY,-0.289100,21:07:23.335379311,no,-,-,-,-,10.000000,0.100000,0.783234,2,1,1355,2245,15.000000,19.261900,27900,no
195,BUY,-0.117574,21:07:23.335379311,no,-,-,-,-,10.000000,0.100000,0.783234,2,1,1358,2242,15.000000,19.219400,27900,no
196,BUY,-0.482458,21:07:23.335379311,no,-,-,-,-,10.000000,0.100000,0.783234,2,1,1361,2239,15.000000,19.177000,27900,no
197,BUY,-1.321403,21:07:23.335379311,no,-,-,-,-,10.000000,0.100000,0.783234,2,1,1365,2235,15.000000,19.120800,27900,no
198,BUY,-1.446760,21:07:23.335379311,no,-,-,-,-,10.000000,0.100000,0.783234,2,1,1369,2231,15.000000,19.065000,27900,no
199,BUY,-1.380994,21:07:23.335379311,no,-,-,-,-,10.000000,0.100000,0.783234,2,1,1375,2225,15.000000,18.981800,27900,no
200,BUY,-0.579945,21:07:23.335379311,no,-,-,-,-,10.000000,0.100000,0.783234,2,1,1386,2214,15.000000,18.831100,27900,no
201,BUY,-2.002798,21:07:23.335379311,no,-,-,-,-,10.000000,0.100000,0.783234,2,1,1435,2165,15.000000,18.188100,27900,no
202,BUY,-2.069679,21:07:23.335379311,no,-,-,-,-,10.000000,0.100000,0.783234,2,1,1549,2051,15.000000,16.849500,27900,no
203,BUY,-2.392545,21:07:23.335379311,no,-,-,-,-,10.000000,0.100000,0.783234,2,1,1552,2048,15.000000,16.817000,27900,no
204,BUY,-2.910396,21:07:23.335379311,no,-,-,-,-,10.000000,0.100000,0.783234,2,1,1562,2038,15.000000,16.709300,27900,no
205,BUY,-2.653739,21:07:23.335379311,no,-,-,-,-,10.000000,0.100000,0.783234,2,1,1565,2035,15.000000,16.677300,27900,no
206,BUY,-2.052685,21:07:23.335379311,no,-,-,-,-,10.000000,0.100000,0.783234,2,1,1568,2032,15.000000,16.645400,27900,no
207,BUY,-1.412043,21:07:23.335379311,no,-,-,-,-,10.000000,0.100000,0.783234,2,1,1572,2028,15.000000,16.603000,27900,no
208,BUY,-2.694858,21:07:23.335379311,no,-,-,-,-,10.000000,0.100000,0.783234,2,1,1577,2023,15.000000,16.550400,27900,no
209,BUY,-2.625206,21:07:23.335379311,no,-,-,-,-,10.000000,0.100000,0.783234,2,1,1580,2020,15.000000,16.518900,27900,no
210,BUY,-1.998801,21:07:23.335379311,no,-,-,-,-,10.000000,0.100000,0.783234,2,1,1584,2016,15.000000,16.477200,27900,no
211,BUY,-2.606050,21:07:23.335379311,no,-,-,-,-,10.000000,0.100000,0.783234,2,1,1588,2012,15.000000,16.435700,27900,no
212,BUY,-2.680260,21:07:23.335379311,no,-,-,-,-,10.000000,0.100000,0.783234,2,1,1593,2007,15.000000,16.384100,27900,no
213,BUY,-2.489834,21:07:23.335379311,no,-,-,-,-,10.000000,0.100000,0.783234,2,1,1612,1988,15.000000,16.191000,27900,no
214,BUY,-2.828096,21:07:23.335379311,no,-,-,-,-,10.000000,0.100000,0.783234,2,1,1617,1983,15.000000,16.141000,27900,no
215,BUY,-2.270862,21:07:23.335379311,no,-,-,-,-,10.000000,0.100000,0.783234,2,1,1620,1980,15.000000,16.111100,27900,no
216,BUY,-1.835620,21:07:23.335379311,no,-,-,-,-,10.000000,0.100000,0.783234,2,1,1626,1974,15.000000,16.051600,27900,no
217,BUY,-1.705122,21:07:23.335379311,no,-,-,-,-,10.000000,0.100000,0.783234,2,1,1653,1947,15.000000,15.789400,27900,no
218,BUY,-3.699108,21:07:23.335379311,yes,23.130000,bid1,27900,00:00:00.000025566,9.090909,0.110000,0.783234,2,1,4927,-1327,15.000000,5.297300,27900,yes
219,BUY,-2.658517,21:07:23.335379311,yes,23.140000,bid1,27900,00:00:00.000032341,8.264463,0.121000,0.783234,2,1,4930,-1330,15.000000,5.294100,27900,yes
220,BUY,-2.260698,21:07:23.335379311,yes,23.140000,bid1,27900,00:00:00.000029558,7.513148,0.133100,0.783234,2,1,4935,-1335,15.000000,5.288700,27900,yes
221,BUY,-1.491454,21:07:23.335379311,yes,23.140000,bid1,27900,00:00:00.000024846,6.830135,0.146410,0.783234,2,1,4939,-1339,15.000000,5.284400,27900,yes
222,BUY,-4.152074,21:07:23.335379311,yes,23.140000,bid1,27900,00:00:00.000023787,6.209213,0.161051,0.783234,2,1,4942,-1342,15.000000,5.281200,27900,yes
223,BUY,-4.138617,21:07:23.335379311,yes,23.140000,bid1,27900,00:00:00.000024977,5.644739,0.177156,0.783234,2,1,4946,-1346,15.000000,5.276900,27900,yes
224,BUY,-4.302409,21:07:23.335379311,yes,23.150000,bid1,27900,00:00:00.000031228,5.131581,0.194872,0.783234,2,1,4949,-1349,15.000000,5.273700,27900,yes
225,BUY,-2.821611,21:07:23.335379311,yes,23.150000,bid1,27900,00:00:00.000024700,4.665074,0.214359,0.783234,2,1,4954,-1354,15.000000,5.268400,27900,yes
226,BUY,-5.168965,21:07:23.335379311,yes,23.150000,bid1,27900,00:00:00.000033477,4.240976,0.235795,0.783234,2,1,4958,-1358,15.000000,5.264200,27900,yes
227,BUY,-5.446044,21:07:23.335379311,yes,23.150000,bid1,27900,00:00:00.000025335,3.855433,0.259374,0.783234,2,1,4960,-1360,15.000000,5.262000,27900,yes
228,BUY,-4.745688,21:07:23.335379311,yes,23.150000,bid1,27900,00:00:00.000033692,3.504939,0.285312,0.783234,2,1,4965,-1365,15.000000,5.256700,27900,yes
229,BUY,-5.197813,21:07:23.335379311,yes,23.150000,bid1,27900,00:00:00.000025460,3.186308,0.313843,0.783234,2,1,4968,-1368,15.000000,5.253600,27900,yes
230,BUY,-3.139884,21:07:23.335379311,yes,23.160000,bid1,27900,00:00:00.000025754,2.896644,0.345227,0.783234,2,1,4972,-1372,15.000000,5.249300,27900,yes
231,BUY,-4.979701,21:07:23.335379311,yes,23.160000,bid1,27900,00:00:00.000024626,2.633313,0.379750,0.783234,2,1,4977,-1377,15.000000,5.244100,27900,yes
232,BUY,-4.690497,21:07:23.335379311,yes,23.150000,bid1,27900,00:00:00.000025367,2.393920,0.417725,0.783234,2,1,4981,-1381,15.000000,5.239900,27900,yes
233,BUY,-4.471239,21:07:23.335379311,yes,23.150000,bid1,27900,00:00:00.000024690,2.176291,0.459497,0.783234,2,1,4985,-1385,15.000000,5.235700,27900,yes
234,BUY,-3.856241,21:07:23.335379311,yes,23.150000,bid1,27900,00:00:00.000024920,1.978447,0.505447,0.783234,2,1,4990,-1390,15.000000,5.230400,27900,yes
235,BUY,-4.782018,21:07:23.335379311,yes,23.160000,bid1,27900,00:00:00.000029617,1.798588,0.555992,0.783234,2,1,4995,-1395,15.000000,5.225200,27900,yes
236,BUY,-2.529611,21:07:23.335379311,yes,23.150000,bid1,27900,00:00:00.000024836,1.635080,0.611591,0.783234,2,1,4999,-1399,15.000000,5.221000,27900,yes
237,BUY,-2.204847,21:07:23.335379311,yes,23.140000,bid1,27900,00:00:00.000055044,1.486436,0.672750,0.783234,2,1,5004,-1404,15.000000,5.215800,27900,yes
238,BUY,-2.705646,21:07:23.335379311,yes,23.140000,bid1,27900,00:00:00.000025366,1.351306,0.740025,0.783234,2,1,5008,-1408,15.000000,5.211600,27900,yes
239,BUY,-0.873515,21:07:23.335379311,yes,23.130000,bid1,27900,00:00:00.000024589,1.228460,0.814027,0.783234,2,1,5032,-1432,15.000000,5.186800,27900,yes
240,BUY,-1.651117,21:07:23.335379311,yes,23.130000,bid1,27900,00:00:00.000025341,1.116782,0.895430,0.783234,2,1,5035,-1435,15.000000,5.183700,27900,yes
241,BUY,-0.234424,21:07:23.335379311,yes,23.119900,bid1,27900,00:00:00.000026196,1.015256,0.984973,0.783234,2,1,5038,-1438,15.000000,5.180600,27900,yes
242,BUY,-0.971396,21:07:23.335379311,yes,23.110000,bid1,27900,00:00:00.000025576,0.922960,1.083471,0.783234,2,1,5041,-1441,15.000000,5.177500,27900,yes
