轮数,方向,预测值,算法开始时间,是否下单,下单价格,档位,下单量,下单耗时(从预测到下单),r1,r2,std,freq,qty_scalar,经过时间,剩余时间,目标速度,实际速度,剩余量,是否为最后一轮
1,SELL,-0.181142,21:07:23.335239313,no,-,-,-,-,0.909091,1.100000,0.769044,2,1,332,3268,2.500000,0.000000,9000,no
2,SELL,-0.497090,21:07:23.335239313,no,-,-,-,-,0.826446,1.210000,0.769044,2,1,336,3264,2.500000,0.000000,9000,no
3,SELL,-0.499243,21:07:23.335239313,no,-,-,-,-,0.751315,1.331000,0.769044,2,1,339,3261,2.500000,0.000000,9000,no
4,SELL,-0.561512,21:07:23.335239313,no,-,-,-,-,0.683013,1.464100,0.769044,2,1,343,3257,2.500000,0.000000,9000,no
5,SELL,-0.460145,21:07:23.335239313,no,-,-,-,-,0.620921,1.610510,0.769044,2,1,347,3253,2.500000,0.000000,9000,no
6,SELL,-0.459661,21:07:23.335239313,no,-,-,-,-,0.564474,1.771561,0.769044,2,1,351,3249,2.500000,0.000000,9000,no
7,SELL,-0.574635,21:07:23.335239313,no,-,-,-,-,0.513158,1.948717,0.769044,2,1,363,3237,2.500000,0.000000,9000,no
8,SELL,-0.752936,21:07:23.335239313,no,-,-,-,-,0.466507,2.143589,0.769044,2,1,367,3233,2.500000,0.000000,9000,no
9,SELL,-0.551822,21:07:23.335239313,no,-,-,-,-,0.424098,2.357948,0.769044,2,1,370,3230,2.500000,0.000000,9000,no
10,SELL,-0.522047,21:07:23.335239313,no,-,-,-,-,0.385543,2.593742,0.769044,2,1,373,3227,2.500000,0.000000,9000,no
11,SELL,-0.648192,21:07:23.335239313,no,-,-,-,-,0.350494,2.853117,0.769044,2,1,377,3223,2.500000,0.000000,9000,no
12,SELL,-1.077791,21:07:23.335239313,no,-,-,-,-,0.318631,3.138428,0.769044,2,1,381,3219,2.500000,0.000000,9000,no
13,SELL,-0.920925,21:07:23.335239313,no,-,-,-,-,0.289664,3.452271,0.769044,2,1,383,3217,2.500000,0.000000,9000,no
14,SELL,-0.938175,21:07:23.335239313,no,-,-,-,-,0.263331,3.797498,0.769044,2,1,388,3212,2.500000,0.000000,9000,no
15,SELL,-0.882781,21:07:23.335239313,no,-,-,-,-,0.239392,4.177248,0.769044,2,1,392,3208,2.500000,0.000000,9000,no
16,SELL,-0.700412,21:07:23.335239313,no,-,-,-,-,0.217629,4.594973,0.769044,2,1,397,3203,2.500000,0.000000,9000,no
17,SELL,-0.483603,21:07:23.335239313,no,-,-,-,-,0.197845,5.054470,0.769044,2,1,399,3201,2.500000,0.000000,9000,no
18,SELL,-0.539698,21:07:23.335239313,no,-,-,-,-,0.179859,5.559917,0.769044,2,1,402,3198,2.500000,0.000000,9000,no
19,SELL,-0.597542,21:07:23.335239313,no,-,-,-,-,0.163508,6.115909,0.769044,2,1,407,3193,2.500000,0.000000,9000,no
20,SELL,-0.535919,21:07:23.335239313,no,-,-,-,-,0.148644,6.727500,0.769044,2,1,410,3190,2.500000,0.000000,9000,no
21,SELL,-0.358696,21:07:23.335239313,no,-,-,-,-,0.135131,7.400250,0.769044,2,1,412,3188,2.500000,0.000000,9000,no
22,SELL,-0.206035,21:07:23.335239313,no,-,-,-,-,0.122846,8.140275,0.769044,2,1,417,3183,2.500000,0.000000,9000,no
23,SELL,-0.346351,21:07:23.335239313,no,-,-,-,-,0.111678,8.954302,0.769044,2,1,422,3178,2.500000,0.000000,9000,no
24,SELL,-0.369020,21:07:23.335239313,no,-,-,-,-,0.101526,9.849733,0.769044,2,1,427,3173,2.500000,0.000000,9000,no
25,SELL,-0.290064,21:07:23.335239313,no,-,-,-,-,0.100000,10.000000,0.769044,2,1,432,3168,2.500000,0.000000,9000,no
26,SELL,-0.306453,21:07:23.335239313,no,-,-,-,-,0.100000,10.000000,0.769044,2,1,438,3162,2.500000,0.000000,9000,no
27,SELL,-0.458468,21:07:23.335239313,no,-,-,-,-,0.100000,10.000000,0.769044,2,1,442,3158,2.500000,0.000000,9000,no
28,SELL,-0.354495,21:07:23.335239313,no,-,-,-,-,0.100000,10.000000,0.769044,2,1,445,3155,2.500000,0.000000,9000,no
29,SELL,-0.310093,21:07:23.335239313,no,-,-,-,-,0.100000,10.000000,0.769044,2,1,448,3152,2.500000,0.000000,9000,no
30,SELL,-0.306695,21:07:23.335239313,no,-,-,-,-,0.100000,10.000000,0.769044,2,1,452,3148,2.500000,0.000000,9000,no
31,SELL,0.284495,21:07:23.335239313,no,-,-,-,-,0.100000,10.000000,0.769044,2,1,457,3143,2.500000,0.000000,9000,no
32,SELL,0.288290,21:07:23.335239313,no,-,-,-,-,0.100000,10.000000,0.769044,2,1,461,3139,2.500000,0.000000,9000,no
33,SELL,-0.123207,21:07:23.335239313,no,-,-,-,-,0.100000,10.000000,0.769044,2,1,464,3136,2.500000,0.000000,9000,no
34,SELL,0.074454,21:07:23.335239313,no,-,-,-,-,0.100000,10.000000,0.769044,2,1,467,3133,2.500000,0.000000,9000,no
35,SELL,-0.404091,21:07:23.335239313,no,-,-,-,-,0.100000,10.000000,0.769044,2,1,471,3129,2.500000,0.000000,9000,no
36,SELL,-0.337052,21:07:23.335239313,no,-,-,-,-,0.100000,10.000000,0.769044,2,1,475,3125,2.500000,0.000000,9000,no
37,SELL,-0.219860,21:07:23.335239313,no,-,-,-,-,0.100000,10.000000,0.769044,2,1,480,3120,2.500000,0.000000,9000,no
38,SELL,-0.857212,21:07:23.335239313,no,-,-,-,-,0.100000,10.000000,0.769044,2,1,483,3117,2.500000,0.000000,9000,no
39,SELL,-0.874026,21:07:23.335239313,no,-,-,-,-,0.100000,10.000000,0.769044,2,1,487,3113,2.500000,0.000000,9000,no
40,SELL,-0.715085,21:07:23.335239313,no,-,-,-,-,0.100000,10.000000,0.769044,2,1,490,3110,2.500000,0.000000,9000,no
41,SELL,-0.126103,21:07:23.335239313,no,-,-,-,-,0.100000,10.000000,0.769044,2,1,495,3105,2.500000,0.000000,9000,no
42,SELL,0.782405,21:07:23.335239313,no,-,-,-,-,0.100000,10.000000,0.769044,2,1,501,3099,2.500000,0.000000,9000,no
43,SELL,0.730805,21:07:23.335239313,no,-,-,-,-,0.100000,10.000000,0.769044,2,1,505,3095,2.500000,0.000000,9000,no
44,SELL,0.127854,21:07:23.335239313,no,-,-,-,-,0.100000,10.000000,0.769044,2,1,509,3091,2.500000,0.000000,9000,no
45,SELL,1.280928,21:07:23.335239313,no,-,-,-,-,0.100000,10.000000,0.769044,2,1,514,3086,2.500000,0.000000,9000,no
46,SELL,0.991118,21:07:23.335239313,no,-,-,-,-,0.100000,10.000000,0.769044,2,1,518,3082,2.500000,0.000000,9000,no
47,SELL,0.539283,21:07:23.335239313,no,-,-,-,-,0.100000,10.000000,0.769044,2,1,522,3078,2.500000,0.000000,9000,no
48,SELL,0.026914,21:07:23.335239313,no,-,-,-,-,0.100000,10.000000,0.769044,2,1,528,3072,2.500000,0.000000,9000,no
49,SELL,0.541400,21:07:23.335239313,no,-,-,-,-,0.100000,10.000000,0.769044,2,1,530,3070,2.500000,0.000000,9000,no
50,SELL,0.401306,21:07:23.335239313,no,-,-,-,-,0.100000,10.000000,0.769044,2,1,535,3065,2.500000,0.000000,9000,no
51,SELL,-0.085173,21:07:23.335239313,no,-,-,-,-,0.100000,10.000000,0.769044,2,1,539,3061,2.500000,0.000000,9000,no
52,SELL,-0.216716,21:07:23.335239313,no,-,-,-,-,0.100000,10.000000,0.769044,2,1,546,3054,2.500000,0.000000,9000,no
53,SELL,-0.337597,21:07:23.335239313,no,-,-,-,-,0.100000,10.000000,0.769044,2,1,554,3046,2.500000,0.000000,9000,no
54,SELL,-0.154698,21:07:23.335239313,no,-,-,-,-,0.100000,10.000000,0.769044,2,1,557,3043,2.500000,0.000000,9000,no
55,SELL,-0.516437,21:07:23.335239313,no,-,-,-,-,0.100000,10.000000,0.769044,2,1,563,3037,2.500000,0.000000,9000,no
56,SELL,0.801474,21:07:23.335239313,no,-,-,-,-,0.100000,10.000000,0.769044,2,1,571,3029,2.500000,0.000000,9000,no
57,SELL,0.014771,21:07:23.335239313,no,-,-,-,-,0.100000,10.000000,0.769044,2,1,576,3024,2.500000,0.000000,9000,no
58,SELL,0.077483,21:07:23.335239313,no,-,-,-,-,0.100000,10.000000,0.769044,2,1,579,3021,2.500000,0.000000,9000,no
59,SELL,0.361356,21:07:23.335239313,no,-,-,-,-,0.100000,10.000000,0.769044,2,1,583,3017,2.500000,0.000000,9000,no
60,SELL,0.291718,21:07:23.335239313,no,-,-,-,-,0.100000,10.000000,0.769044,2,1,587,3013,2.500000,0.000000,9000,no
61,SELL,0.752384,21:07:23.335239313,no,-,-,-,-,0.100000,10.000000,0.769044,2,1,592,3008,2.500000,0.000000,9000,no
62,SELL,0.558869,21:07:23.335239313,no,-,-,-,-,0.100000,10.000000,0.769044,2,1,595,3005,2.500000,0.000000,9000,no
63,SELL,0.571141,21:07:23.335239313,no,-,-,-,-,0.100000,10.000000,0.769044,2,1,600,3000,2.500000,0.000000,9000,no
64,SELL,0.663115,21:07:23.335239313,no,-,-,-,-,0.100000,10.000000,0.769044,2,1,605,2995,2.500000,0.000000,9000,no
65,SELL,0.666940,21:07:23.335239313,no,-,-,-,-,0.100000,10.000000,0.769044,2,1,608,2992,2.500000,0.000000,9000,no
66,SELL,0.821569,21:07:23.335239313,no,-,-,-,-,0.100000,10.000000,0.769044,2,1,611,2989,2.500000,0.000000,9000,no
67,SELL,0.861226,21:07:23.335239313,no,-,-,-,-,0.100000,10.000000,0.769044,2,1,615,2985,2.500000,0.000000,9000,no
68,SELL,1.077102,21:07:23.335239313,no,-,-,-,-,0.100000,10.000000,0.769044,2,1,618,2982,2.500000,0.000000,9000,no
69,SELL,0.749670,21:07:23.335239313,no,-,-,-,-,0.100000,10.000000,0.769044,2,1,621,2979,2.500000,0.000000,9000,no
70,SELL,0.722916,21:07:23.335239313,no,-,-,-,-,0.100000,10.000000,0.769044,2,1,625,2975,2.500000,0.000000,9000,no
71,SELL,0.613402,21:07:23.335239313,no,-,-,-,-,0.100000,10.000000,0.769044,2,1,630,2970,2.500000,0.000000,9000,no
72,SELL,0.603153,21:07:23.335239313,no,-,-,-,-,0.100000,10.000000,0.769044,2,1,634,2966,2.500000,0.000000,9000,no
73,SELL,0.770438,21:07:23.335239313,no,-,-,-,-,0.100000,10.000000,0.769044,2,1,637,2963,2.500000,0.000000,9000,no
74,SELL,-0.060060,21:07:23.335239313,no,-,-,-,-,0.100000,10.000000,0.769044,2,1,640,2960,2.500000,0.000000,9000,no
75,SELL,0.025469,21:07:23.335239313,no,-,-,-,-,0.100000,10.000000,0.769044,2,1,642,2958,2.500000,0.000000,9000,no
76,SELL,-0.345105,21:07:23.335239313,no,-,-,-,-,0.100000,10.000000,0.769044,2,1,645,2955,2.500000,0.000000,9000,no
77,SELL,0.454684,21:07:23.335239313,no,-,-,-,-,0.100000,10.000000,0.769044,2,1,648,2952,2.500000,0.000000,9000,no
78,SELL,0.503644,21:07:23.335239313,no,-,-,-,-,0.100000,10.000000,0.769044,2,1,651,2949,2.500000,0.000000,9000,no
79,SELL,0.514492,21:07:23.335239313,no,-,-,-,-,0.100000,10.000000,0.769044,2,1,659,2941,2.500000,0.000000,9000,no
80,SELL,0.005543,21:07:23.335239313,no,-,-,-,-,0.100000,10.000000,0.769044,2,1,663,2937,2.500000,0.000000,9000,no
81,SELL,-0.100024,21:07:23.335239313,no,-,-,-,-,0.100000,10.000000,0.769044,2,1,668,2932,2.500000,0.000000,9000,no
82,SELL,0.048501,21:07:23.335239313,no,-,-,-,-,0.100000,10.000000,0.769044,2,1,670,2930,2.500000,0.000000,9000,no
83,SELL,-0.006930,21:07:23.335239313,no,-,-,-,-,0.100000,10.000000,0.769044,2,1,673,2927,2.500000,0.000000,9000,no
84,SELL,0.456867,21:07:23.335239313,no,-,-,-,-,0.100000,10.000000,0.769044,2,1,677,2923,2.500000,0.000000,9000,no
85,SELL,0.336160,21:07:23.335239313,no,-,-,-,-,0.100000,10.000000,0.769044,2,1,680,2920,2.500000,0.000000,9000,no
86,SELL,0.323276,21:07:23.335239313,no,-,-,-,-,0.100000,10.000000,0.769044,2,1,684,2916,2.500000,0.000000,9000,no
87,SELL,-0.569223,21:07:23.335239313,no,-,-,-,-,0.100000,10.000000,0.769044,2,1,687,2913,2.500000,0.000000,9000,no
88,SELL,0.198597,21:07:23.335239313,no,-,-,-,-,0.100000,10.000000,0.769044,2,1,690,2910,2.500000,0.000000,9000,no
89,SELL,0.258683,21:07:23.335239313,no,-,-,-,-,0.100000,10.000000,0.769044,2,1,694,2906,2.500000,0.000000,9000,no
90,SELL,-0.020361,21:07:23.335239313,no,-,-,-,-,0.100000,10.000000,0.769044,2,1,697,2903,2.500000,0.000000,9000,no
91,SELL,0.252805,21:07:23.335239313,no,-,-,-,-,0.100000,10.000000,0.769044,2,1,702,2898,2.500000,0.000000,9000,no
92,SELL,0.592291,21:07:23.335239313,no,-,-,-,-,0.100000,10.000000,0.769044,2,1,707,2893,2.500000,0.000000,9000,no
93,SELL,-0.325786,21:07:23.335239313,no,-,-,-,-,0.100000,10.000000,0.769044,2,1,711,2889,2.500000,0.000000,9000,no
94,SELL,-0.211100,21:07:23.335239313,no,-,-,-,-,0.100000,10.000000,0.769044,2,1,714,2886,2.500000,0.000000,9000,no
95,SELL,-0.291898,21:07:23.335239313,no,-,-,-,-,0.100000,10.000000,0.769044,2,1,716,2884,2.500000,0.000000,9000,no
96,SELL,0.274828,21:07:23.335239313,no,-,-,-,-,0.100000,10.000000,0.769044,2,1,719,2881,2.500000,0.000000,9000,no
97,SELL,-0.263169,21:07:23.335239313,no,-,-,-,-,0.100000,10.000000,0.769044,2,1,723,2877,2.500000,0.000000,9000,no
98,SELL,-0.228655,21:07:23.335239313,no,-,-,-,-,0.100000,10.000000,0.769044,2,1,726,2874,2.500000,0.000000,9000,no
99,SELL,-0.600440,21:07:23.335239313,no,-,-,-,-,0.100000,10.000000,0.769044,2,1,730,2870,2.500000,0.000000,9000,no
100,SELL,-0.356284,21:07:23.335239313,no,-,-,-,-,0.100000,10.000000,0.769044,2,1,734,2866,2.500000,0.000000,9000,no
101,SELL,-0.493594,21:07:23.335239313,no,-,-,-,-,0.100000,10.000000,0.769044,2,1,739,2861,2.500000,0.000000,9000,no
102,SELL,-0.935997,21:07:23.335239313,no,-,-,-,-,0.100000,10.000000,0.769044,2,1,744,2856,2.500000,0.000000,9000,no
103,SELL,-1.241927,21:07:23.335239313,no,-,-,-,-,0.100000,10.000000,0.769044,2,1,750,2850,2.500000,0.000000,9000,no
104,SELL,-0.800441,21:07:23.335239313,no,-,-,-,-,0.100000,10.000000,0.769044,2,1,756,2844,2.500000,0.000000,9000,no
105,SELL,-0.949405,21:07:23.335239313,no,-,-,-,-,0.100000,10.000000,0.769044,2,1,759,2841,2.500000,0.000000,9000,no
106,SELL,-0.685271,21:07:23.335239313,no,-,-,-,-,0.100000,10.000000,0.769044,2,1,764,2836,2.500000,0.000000,9000,no
107,SELL,-0.507405,21:07:23.335239313,no,-,-,-,-,0.100000,10.000000,0.769044,2,1,767,2833,2.500000,0.000000,9000,no
108,SELL,-1.066201,21:07:23.335239313,no,-,-,-,-,0.100000,10.000000,0.769044,2,1,771,2829,2.500000,0.000000,9000,no
109,SELL,-0.651493,21:07:23.335239313,no,-,-,-,-,0.100000,10.000000,0.769044,2,1,774,2826,2.500000,0.000000,9000,no
110,SELL,-0.528036,21:07:23.335239313,no,-,-,-,-,0.100000,10.000000,0.769044,2,1,777,2823,2.500000,0.000000,9000,no
111,SELL,-0.718847,21:07:23.335239313,no,-,-,-,-,0.100000,10.000000,0.769044,2,1,782,2818,2.500000,0.000000,9000,no
112,SELL,-0.981689,21:07:23.335239313,no,-,-,-,-,0.100000,10.000000,0.769044,2,1,785,2815,2.500000,0.000000,9000,no
113,SELL,-1.025966,21:07:23.335239313,no,-,-,-,-,0.100000,10.000000,0.769044,2,1,787,2813,2.500000,0.000000,9000,no
114,SELL,-0.181379,21:07:23.335239313,no,-,-,-,-,0.100000,10.000000,0.769044,2,1,790,2810,2.500000,0.000000,9000,no
115,SELL,-0.751202,21:07:23.335239313,no,-,-,-,-,0.100000,10.000000,0.769044,2,1,793,2807,2.500000,0.000000,9000,no
116,SELL,-0.684089,21:07:23.335239313,no,-,-,-,-,0.100000,10.000000,0.769044,2,1,796,2804,2.500000,0.000000,9000,no
117,SELL,-0.072265,21:07:23.335239313,no,-,-,-,-,0.100000,10.000000,0.769044,2,1,799,2801,2.500000,0.000000,9000,no
118,SELL,-0.220340,21:07:23.335239313,no,-,-,-,-,0.100000,10.000000,0.769044,2,1,803,2797,2.500000,0.000000,9000,no
119,SELL,-0.432142,21:07:23.335239313,no,-,-,-,-,0.100000,10.000000,0.769044,2,1,808,2792,2.500000,0.000000,9000,no
120,SELL,-0.460347,21:07:23.335239313,no,-,-,-,-,0.100000,10.000000,0.769044,2,1,810,2790,2.500000,0.000000,9000,no
121,SELL,-0.340717,21:07:23.335239313,no,-,-,-,-,0.100000,10.000000,0.769044,2,1,814,2786,2.500000,0.000000,9000,no
122,SELL,-0.468115,21:07:23.335239313,no,-,-,-,-,0.100000,10.000000,0.769044,2,1,819,2781,2.500000,0.000000,9000,no
123,SELL,-0.089142,21:07:23.335239313,no,-,-,-,-,0.100000,10.000000,0.769044,2,1,822,2778,2.500000,0.000000,9000,no
124,SELL,-0.349316,21:07:23.335239313,no,-,-,-,-,0.100000,10.000000,0.769044,2,1,825,2775,2.500000,0.000000,9000,no
125,SELL,-0.053437,21:07:23.335239313,no,-,-,-,-,0.100000,10.000000,0.769044,2,1,829,2771,2.500000,0.000000,9000,no
126,SELL,0.003189,21:07:23.335239313,no,-,-,-,-,0.100000,10.000000,0.769044,2,1,832,2768,2.500000,0.000000,9000,no
127,SELL,0.010315,21:07:23.335239313,no,-,-,-,-,0.100000,10.000000,0.769044,2,1,835,2765,2.500000,0.000000,9000,no
128,SELL,0.018574,21:07:23.335239313,no,-,-,-,-,0.100000,10.000000,0.769044,2,1,838,2762,2.500000,0.000000,9000,no
129,SELL,-0.043744,21:07:23.335239313,no,-,-,-,-,0.100000,10.000000,0.769044,2,1,841,2759,2.500000,0.000000,9000,no
130,SELL,-0.495576,21:07:23.335239313,no,-,-,-,-,0.100000,10.000000,0.769044,2,1,844,2756,2.500000,0.000000,9000,no
131,SELL,-0.810585,21:07:23.335239313,no,-,-,-,-,0.100000,10.000000,0.769044,2,1,848,2752,2.500000,0.000000,9000,no
132,SELL,-0.471626,21:07:23.335239313,no,-,-,-,-,0.100000,10.000000,0.769044,2,1,851,2749,2.500000,0.000000,9000,no
133,SELL,0.196478,21:07:23.335239313,no,-,-,-,-,0.100000,10.000000,0.769044,2,1,855,2745,2.500000,0.000000,9000,no
134,SELL,-0.595158,21:07:23.335239313,no,-,-,-,-,0.100000,10.000000,0.769044,2,1,858,2742,2.500000,0.000000,9000,no
135,SELL,-0.168635,21:07:23.335239313,no,-,-,-,-,0.100000,10.000000,0.769044,2,1,861,2739,2.500000,0.000000,9000,no
136,SELL,-0.036944,21:07:23.335239313,no,-,-,-,-,0.100000,10.000000,0.769044,2,1,863,2737,2.500000,0.000000,9000,no
137,SELL,0.094606,21:07:23.335239313,no,-,-,-,-,0.100000,10.000000,0.769044,2,1,867,2733,2.500000,0.000000,9000,no
138,SELL,0.340514,21:07:23.335239313,no,-,-,-,-,0.100000,10.000000,0.769044,2,1,871,2729,2.500000,0.000000,9000,no
139,SELL,0.521522,21:07:23.335239313,no,-,-,-,-,0.100000,10.000000,0.769044,2,1,876,2724,2.500000,0.000000,9000,no
140,SELL,0.612370,21:07:23.335239313,no,-,-,-,-,0.100000,10.000000,0.769044,2,1,878,2722,2.500000,0.000000,9000,no
141,SELL,0.639034,21:07:23.335239313,no,-,-,-,-,0.100000,10.000000,0.769044,2,1,882,2718,2.500000,0.000000,9000,no
142,SELL,0.508439,21:07:23.335239313,no,-,-,-,-,0.100000,10.000000,0.769044,2,1,885,2715,2.500000,0.000000,9000,no
143,SELL,1.289705,21:07:23.335239313,no,-,-,-,-,0.100000,10.000000,0.769044,2,1,888,2712,2.500000,0.000000,9000,no
144,SELL,0.526450,21:07:23.335239313,no,-,-,-,-,0.100000,10.000000,0.769044,2,1,893,2707,2.500000,0.000000,9000,no
145,SELL,0.398725,21:07:23.335239313,no,-,-,-,-,0.100000,10.000000,0.769044,2,1,896,2704,2.500000,0.000000,9000,no
146,SELL,0.387554,21:07:23.335239313,no,-,-,-,-,0.100000,10.000000,0.769044,2,1,898,2702,2.500000,0.000000,9000,no
147,SELL,0.053577,21:07:23.335239313,no,-,-,-,-,0.100000,10.000000,0.769044,2,1,902,2698,2.500000,0.000000,9000,no
148,SELL,0.236762,21:07:23.335239313,no,-,-,-,-,0.100000,10.000000,0.769044,2,1,905,2695,2.500000,0.000000,9000,no
149,SELL,-0.009607,21:07:23.335239313,no,-,-,-,-,0.100000,10.000000,0.769044,2,1,908,2692,2.500000,0.000000,9000,no
150,SELL,0.106984,21:07:23.335239313,no,-,-,-,-,0.100000,10.000000,0.769044,2,1,910,2690,2.500000,0.000000,9000,no
151,SELL,-0.014806,21:07:23.335239313,no,-,-,-,-,0.100000,10.000000,0.769044,2,1,1190,2410,2.500000,0.000000,9000,no
152,SELL,0.064679,21:07:23.335239313,no,-,-,-,-,0.100000,10.000000,0.769044,2,1,1194,2406,2.500000,0.000000,9000,no
153,SELL,-0.305153,21:07:23.335239313,no,-,-,-,-,0.100000,10.000000,0.769044,2,1,1198,2402,2.500000,0.000000,9000,no
154,SELL,-0.292452,21:07:23.335239313,no,-,-,-,-,0.100000,10.000000,0.769044,2,1,1202,2398,2.500000,0.000000,9000,no
155,SELL,-0.159424,21:07:23.335239313,no,-,-,-,-,0.100000,10.000000,0.769044,2,1,1206,2394,2.500000,0.000000,9000,no
156,SELL,-0.183815,21:07:23.335239313,no,-,-,-,-,0.100000,10.000000,0.769044,2,1,1214,2386,2.500000,0.000000,9000,no
157,SELL,-0.122005,21:07:23.335239313,no,-,-,-,-,0.100000,10.000000,0.769044,2,1,1219,2381,2.500000,0.000000,9000,no
158,SELL,0.045584,21:07:23.335239313,no,-,-,-,-,0.100000,10.000000,0.769044,2,1,1226,2374,2.500000,0.000000,9000,no
159,SELL,-0.027310,21:07:23.335239313,no,-,-,-,-,0.100000,10.000000,0.769044,2,1,1231,2369,2.500000,0.000000,9000,no
160,SELL,0.042051,21:07:23.335239313,no,-,-,-,-,0.100000,10.000000,0.769044,2,1,1234,2366,2.500000,0.000000,9000,no
161,SELL,-0.067111,21:07:23.335239313,no,-,-,-,-,0.100000,10.000000,0.769044,2,1,1238,2362,2.500000,0.000000,9000,no
162,SELL,-0.326750,21:07:23.335239313,no,-,-,-,-,0.100000,10.000000,0.769044,2,1,1242,2358,2.500000,0.000000,9000,no
163,SELL,0.273708,21:07:23.335239313,no,-,-,-,-,0.100000,10.000000,0.769044,2,1,1248,2352,2.500000,0.000000,9000,no
164,SELL,0.709366,21:07:23.335239313,no,-,-,-,-,0.100000,10.000000,0.769044,2,1,1252,2348,2.500000,0.000000,9000,no
165,SELL,-0.265847,21:07:23.335239313,no,-,-,-,-,0.100000,10.000000,0.769044,2,1,1255,2345,2.500000,0.000000,9000,no
166,SELL,-0.423482,21:07:23.335239313,no,-,-,-,-,0.100000,10.000000,0.769044,2,1,1259,2341,2.500000,0.000000,9000,no
167,SELL,-0.265069,21:07:23.335239313,no,-,-,-,-,0.100000,10.000000,0.769044,2,1,1264,2336,2.500000,0.000000,9000,no
168,SELL,0.222935,21:07:23.335239313,no,-,-,-,-,0.100000,10.000000,0.769044,2,1,1269,2331,2.500000,0.000000,9000,no
169,SELL,0.115731,21:07:23.335239313,no,-,-,-,-,0.100000,10.000000,0.769044,2,1,1272,2328,2.500000,0.000000,9000,no
170,SELL,0.075052,21:07:23.335239313,no,-,-,-,-,0.100000,10.000000,0.769044,2,1,1275,2325,2.500000,0.000000,9000,no
171,SELL,0.061485,21:07:23.335239313,no,-,-,-,-,0.100000,10.000000,0.769044,2,1,1279,2321,2.500000,0.000000,9000,no
172,SELL,0.158332,21:07:23.335239313,no,-,-,-,-,0.100000,10.000000,0.769044,2,1,1283,2317,2.500000,0.000000,9000,no
173,SELL,0.192567,21:07:23.335239313,no,-,-,-,-,0.100000,10.000000,0.769044,2,1,1287,2313,2.500000,0.000000,9000,no
174,SELL,-0.309590,21:07:23.335239313,no,-,-,-,-,0.100000,10.000000,0.769044,2,1,1292,2308,2.500000,0.000000,9000,no
175,SELL,-0.064820,21:07:23.335239313,no,-,-,-,-,0.100000,10.000000,0.769044,2,1,1297,2303,2.500000,0.000000,9000,no
176,SELL,0.066171,21:07:23.335239313,no,-,-,-,-,0.100000,10.000000,0.769044,2,1,1300,2300,2.500000,0.000000,9000,no
177,SELL,-0.100228,21:07:23.335239313,no,-,-,-,-,0.100000,10.000000,0.769044,2,1,1304,2296,2.500000,0.000000,9000,no
178,SELL,-0.075079,21:07:23.335239313,no,-,-,-,-,0.100000,10.000000,0.769044,2,1,1309,2291,2.500000,0.000000,9000,no
179,SELL,0.067700,21:07:23.335239313,no,-,-,-,-,0.100000,10.000000,0.769044,2,1,1313,2287,2.500000,0.000000,9000,no
180,SELL,0.248469,21:07:23.335239313,no,-,-,-,-,0.100000,10.000000,0.769044,2,1,1316,2284,2.500000,0.000000,9000,no
181,SELL,0.060482,21:07:23.335239313,no,-,-,-,-,0.100000,10.000000,0.769044,2,1,1320,2280,2.500000,0.000000,9000,no
182,SELL,0.116484,21:07:23.335239313,no,-,-,-,-,0.100000,10.000000,0.769044,2,1,1326,2274,2.500000,0.000000,9000,no
183,SELL,0.098531,21:07:23.335239313,no,-,-,-,-,0.100000,10.000000,0.769044,2,1,1330,2270,2.500000,0.000000,9000,no
184,SELL,-0.135729,21:07:23.335239313,no,-,-,-,-,0.100000,10.000000,0.769044,2,1,1335,2265,2.500000,0.000000,9000,no
185,SELL,0.232633,21:07:23.335239313,no,-,-,-,-,0.100000,10.000000,0.769044,2,1,1338,2262,2.500000,0.000000,9000,no
186,SELL,0.169684,21:07:23.335239313,no,-,-,-,-,0.100000,10.000000,0.769044,2,1,1348,2252,2.500000,0.000000,9000,no
187,SELL,0.651627,21:07:23.335239313,no,-,-,-,-,0.100000,10.000000,0.769044,2,1,1352,2248,2.500000,0.000000,9000,no
188,SELL,0.144739,21:07:23.335239313,no,-,-,-,-,0.100000,10.000000,0.769044,2,1,1355,2245,2.500000,0.000000,9000,no
189,SELL,-0.436834,21:07:23.335239313,no,-,-,-,-,0.100000,10.000000,0.769044,2,1,1358,2242,2.500000,0.000000,9000,no
190,SELL,-0.194720,21:07:23.335239313,no,-,-,-,-,0.100000,10.000000,0.769044,2,1,1361,2239,2.500000,0.000000,9000,no
191,SELL,-0.049886,21:07:23.335239313,no,-,-,-,-,0.100000,10.000000,0.769044,2,1,1365,2235,2.500000,0.000000,9000,no
192,SELL,0.633023,21:07:23.335239313,no,-,-,-,-,0.100000,10.000000,0.769044,2,1,1370,2230,2.500000,0.000000,9000,no
193,SELL,0.468795,21:07:23.335239313,no,-,-,-,-,0.100000,10.000000,0.769044,2,1,1375,2225,2.500000,0.000000,9000,no
194,SELL,0.136794,21:07:23.335239313,no,-,-,-,-,0.100000,10.000000,0.769044,2,1,1386,2214,2.500000,0.000000,9000,no
195,SELL,-0.306976,21:07:23.335239313,no,-,-,-,-,0.100000,10.000000,0.769044,2,1,1491,2109,2.500000,0.000000,9000,no
196,SELL,0.268124,21:07:23.335239313,no,-,-,-,-,0.100000,10.000000,0.769044,2,1,1495,2105,2.500000,0.000000,9000,no
197,SELL,0.110539,21:07:23.335239313,no,-,-,-,-,0.100000,10.000000,0.769044,2,1,1549,2051,2.500000,0.000000,9000,no
198,SELL,0.195678,21:07:23.335239313,no,-,-,-,-,0.100000,10.000000,0.769044,2,1,1560,2040,2.500000,0.000000,9000,no
199,SELL,-0.227807,21:07:23.335239313,no,-,-,-,-,0.100000,10.000000,0.769044,2,1,1562,2038,2.500000,0.000000,9000,no
200,SELL,-0.284658,21:07:23.335239313,no,-,-,-,-,0.100000,10.000000,0.769044,2,1,1565,2035,2.500000,0.000000,9000,no
201,SELL,-0.724171,21:07:23.335239313,no,-,-,-,-,0.100000,10.000000,0.769044,2,1,1568,2032,2.500000,0.000000,9000,no
202,SELL,-0.783015,21:07:23.335239313,no,-,-,-,-,0.100000,10.000000,0.769044,2,1,1572,2028,2.500000,0.000000,9000,no
203,SELL,-0.542379,21:07:23.335239313,no,-,-,-,-,0.100000,10.000000,0.769044,2,1,1577,2023,2.500000,0.000000,9000,no
204,SELL,-0.564272,21:07:23.335239313,no,-,-,-,-,0.100000,10.000000,0.769044,2,1,1580,2020,2.500000,0.000000,9000,no
205,SELL,-0.657127,21:07:23.335239313,no,-,-,-,-,0.100000,10.000000,0.769044,2,1,1584,2016,2.500000,0.000000,9000,no
206,SELL,-1.187210,21:07:23.335239313,no,-,-,-,-,0.100000,10.000000,0.769044,2,1,1588,2012,2.500000,0.000000,9000,no
207,SELL,-0.677163,21:07:23.335239313,no,-,-,-,-,0.100000,10.000000,0.769044,2,1,1593,2007,2.500000,0.000000,9000,no
208,SELL,-0.473048,21:07:23.335239313,no,-,-,-,-,0.100000,10.000000,0.769044,2,1,1617,1983,2.500000,0.000000,9000,no
209,SELL,-0.568360,21:07:23.335239313,no,-,-,-,-,0.100000,10.000000,0.769044,2,1,1624,1976,2.500000,0.000000,9000,no
210,SELL,-0.578511,21:07:23.335239313,no,-,-,-,-,0.100000,10.000000,0.769044,2,1,1626,1974,2.500000,0.000000,9000,no
211,SELL,-0.910448,21:07:23.335239313,no,-,-,-,-,0.100000,10.000000,0.769044,2,1,1657,1943,2.500000,0.000000,9000,no
212,SELL,1.808063,21:07:23.335239313,no,-,-,-,-,0.100000,10.000000,0.769044,2,1,4927,-1327,2.500000,0.000000,9000,yes
213,SELL,2.062594,21:07:23.335239313,no,-,-,-,-,0.100000,10.000000,0.769044,2,1,4930,-1330,2.500000,0.000000,9000,yes
214,SELL,2.153185,21:07:23.335239313,no,-,-,-,-,0.100000,10.000000,0.769044,2,1,4935,-1335,2.500000,0.000000,9000,yes
215,SELL,0.775186,21:07:23.335239313,no,-,-,-,-,0.100000,10.000000,0.769044,2,1,4939,-1339,2.500000,0.000000,9000,yes
216,SELL,0.446468,21:07:23.335239313,no,-,-,-,-,0.100000,10.000000,0.769044,2,1,4942,-1342,2.500000,0.000000,9000,yes
217,SELL,-0.097496,21:07:23.335239313,no,-,-,-,-,0.100000,10.000000,0.769044,2,1,4946,-1346,2.500000,0.000000,9000,yes
218,SELL,1.677945,21:07:23.335239313,no,-,-,-,-,0.100000,10.000000,0.769044,2,1,4949,-1349,2.500000,0.000000,9000,yes
219,SELL,0.986890,21:07:23.335239313,no,-,-,-,-,0.100000,10.000000,0.769044,2,1,4954,-1354,2.500000,0.000000,9000,yes
220,SELL,0.909181,21:07:23.335239313,no,-,-,-,-,0.100000,10.000000,0.769044,2,1,4958,-1358,2.500000,0.000000,9000,yes
221,SELL,2.304716,21:07:23.335239313,no,-,-,-,-,0.100000,10.000000,0.769044,2,1,4965,-1365,2.500000,0.000000,9000,yes
222,SELL,3.074214,21:07:23.335239313,no,-,-,-,-,0.100000,10.000000,0.769044,2,1,4968,-1368,2.500000,0.000000,9000,yes
223,SELL,2.355533,21:07:23.335239313,no,-,-,-,-,0.100000,10.000000,0.769044,2,1,4972,-1372,2.500000,0.000000,9000,yes
224,SELL,1.294938,21:07:23.335239313,no,-,-,-,-,0.100000,10.000000,0.769044,2,1,4977,-1377,2.500000,0.000000,9000,yes
225,SELL,0.700747,21:07:23.335239313,no,-,-,-,-,0.100000,10.000000,0.769044,2,1,4981,-1381,2.500000,0.000000,9000,yes
226,SELL,1.001833,21:07:23.335239313,no,-,-,-,-,0.100000,10.000000,0.769044,2,1,4985,-1385,2.500000,0.000000,9000,yes
227,SELL,1.118109,21:07:23.335239313,no,-,-,-,-,0.100000,10.000000,0.769044,2,1,4990,-1390,2.500000,0.000000,9000,yes
228,SELL,0.379944,21:07:23.335239313,no,-,-,-,-,0.100000,10.000000,0.769044,2,1,4995,-1395,2.500000,0.000000,9000,yes
229,SELL,1.933750,21:07:23.335239313,no,-,-,-,-,0.100000,10.000000,0.769044,2,1,4999,-1399,2.500000,0.000000,9000,yes
230,SELL,2.512659,21:07:23.335239313,no,-,-,-,-,0.100000,10.000000,0.769044,2,1,5004,-1404,2.500000,0.000000,9000,yes
231,SELL,1.747711,21:07:23.335239313,no,-,-,-,-,0.100000,10.000000,0.769044,2,1,5038,-1438,2.500000,0.000000,9000,yes
232,SELL,0.497285,21:07:23.335239313,no,-,-,-,-,0.100000,10.000000,0.769044,2,1,5041,-1441,2.500000,0.000000,9000,yes
233,SELL,-1.781666,21:07:23.335239313,no,-,-,-,-,0.100000,10.000000,0.769044,2,1,11325,-7725,2.500000,0.000000,9000,yes
234,SELL,0.635827,21:07:23.335239313,no,-,-,-,-,0.100000,10.000000,0.769044,2,1,11336,-7736,2.500000,0.000000,9000,yes
235,SELL,-1.222901,21:07:23.335239313,no,-,-,-,-,0.100000,10.000000,0.769044,2,1,11348,-7748,2.500000,0.000000,9000,yes
236,SELL,2.900072,21:07:23.335239313,no,-,-,-,-,0.100000,10.000000,0.769044,2,1,11357,-7757,2.500000,0.000000,9000,yes
237,SELL,0.152258,21:07:23.335239313,no,-,-,-,-,0.100000,10.000000,0.769044,2,1,11369,-7769,2.500000,0.000000,9000,yes
238,SELL,3.531412,21:07:23.335239313,no,-,-,-,-,0.100000,10.000000,0.769044,2,1,11380,-7780,2.500000,0.000000,9000,yes
239,SELL,1.786367,21:07:23.335239313,no,-,-,-,-,0.100000,10.000000,0.769044,2,1,11389,-7789,2.500000,0.000000,9000,yes
240,SELL,1.660706,21:07:23.335239313,no,-,-,-,-,0.100000,10.000000,0.769044,2,1,11400,-7800,2.500000,0.000000,9000,yes
241,SELL,-0.388047,21:07:23.335239313,no,-,-,-,-,0.100000,10.000000,0.769044,2,1,11412,-7812,2.500000,0.000000,9000,yes
242,SELL,-3.280654,21:07:23.335239313,no,-,-,-,-,0.100000,10.000000,0.769044,2,1,11421,-7821,2.500000,0.000000,9000,yes
243,SELL,-6.050847,21:07:23.335239313,no,-,-,-,-,0.100000,10.000000,0.769044,2,1,11432,-7832,2.500000,0.000000,9000,yes
244,SELL,-2.948210,21:07:23.335239313,no,-,-,-,-,0.100000,10.000000,0.769044,2,1,11444,-7844,2.500000,0.000000,9000,yes
245,SELL,-2.401779,21:07:23.335239313,no,-,-,-,-,0.100000,10.000000,0.769044,2,1,11454,-7854,2.500000,0.000000,9000,yes
246,SELL,-1.614964,21:07:23.335239313,no,-,-,-,-,0.100000,10.000000,0.769044,2,1,11464,-7864,2.500000,0.000000,9000,yes
247,SELL,-2.926828,21:07:23.335239313,no,-,-,-,-,0.100000,10.000000,0.769044,2,1,11475,-7875,2.500000,0.000000,9000,yes
248,SELL,-3.613691,21:07:23.335239313,no,-,-,-,-,0.100000,10.000000,0.769044,2,1,11486,-7886,2.500000,0.000000,9000,yes
249,SELL,0.076617,21:07:23.335239313,no,-,-,-,-,0.100000,10.000000,0.769044,2,1,11497,-7897,2.500000,0.000000,9000,yes
250,SELL,-1.772260,21:07:23.335239313,no,-,-,-,-,0.100000,10.000000,0.769044,2,1,11508,-7908,2.500000,0.000000,9000,yes
251,SELL,-2.883082,21:07:23.335239313,no,-,-,-,-,0.100000,10.000000,0.769044,2,1,11518,-7918,2.500000,0.000000,9000,yes
252,SELL,-2.196675,21:07:23.335239313,no,-,-,-,-,0.100000,10.000000,0.769044,2,1,11531,-7931,2.500000,0.000000,9000,yes
253,SELL,-1.240824,21:07:23.335239313,no,-,-,-,-,0.100000,10.000000,0.769044,2,1,11542,-7942,2.500000,0.000000,9000,yes
254,SELL,-0.356613,21:07:23.335239313,no,-,-,-,-,0.100000,10.000000,0.769044,2,1,11552,-7952,2.500000,0.000000,9000,yes
255,SELL,0.034135,21:07:23.335239313,no,-,-,-,-,0.100000,10.000000,0.769044,2,1,11563,-7963,2.500000,0.000000,9000,yes
256,SELL,-0.273420,21:07:23.335239313,no,-,-,-,-,0.100000,10.000000,0.769044,2,1,11574,-7974,2.500000,0.000000,9000,yes
257,SELL,0.891949,21:07:23.335239313,no,-,-,-,-,0.100000,10.000000,0.769044,2,1,11584,-7984,2.500000,0.000000,9000,yes
258,SELL,0.756475,21:07:23.335239313,no,-,-,-,-,0.100000,10.000000,0.769044,2,1,11595,-7995,2.500000,0.000000,9000,yes
259,SELL,-1.727775,21:07:23.335239313,no,-,-,-,-,0.100000,10.000000,0.769044,2,1,11606,-8006,2.500000,0.000000,9000,yes
260,SELL,0.117566,21:07:23.335239313,no,-,-,-,-,0.100000,10.000000,0.769044,2,1,11617,-8017,2.500000,0.000000,9000,yes
261,SELL,-0.042296,21:07:23.335239313,no,-,-,-,-,0.100000,10.000000,0.769044,2,1,11628,-8028,2.500000,0.000000,9000,yes
262,SELL,-0.271047,21:07:23.335239313,no,-,-,-,-,0.100000,10.000000,0.769044,2,1,11639,-8039,2.500000,0.000000,9000,yes
263,SELL,0.273133,21:07:23.335239313,no,-,-,-,-,0.100000,10.000000,0.769044,2,1,11649,-8049,2.500000,0.000000,9000,yes
264,SELL,0.525404,21:07:23.335239313,no,-,-,-,-,0.100000,10.000000,0.769044,2,1,11660,-8060,2.500000,0.000000,9000,yes
265,SELL,2.465919,21:07:23.335239313,no,-,-,-,-,0.100000,10.000000,0.769044,2,1,11670,-8070,2.500000,0.000000,9000,yes
266,SELL,1.680199,21:07:23.335239313,no,-,-,-,-,0.100000,10.000000,0.769044,2,1,11681,-8081,2.500000,0.000000,9000,yes
267,SELL,3.086763,21:07:23.335239313,no,-,-,-,-,0.100000,10.000000,0.769044,2,1,11692,-8092,2.500000,0.000000,9000,yes
268,SELL,4.017396,21:07:23.335239313,no,-,-,-,-,0.100000,10.000000,0.769044,2,1,11702,-8102,2.500000,0.000000,9000,yes
269,SELL,3.806198,21:07:23.335239313,no,-,-,-,-,0.100000,10.000000,0.769044,2,1,11712,-8112,2.500000,0.000000,9000,yes
270,SELL,3.671876,21:07:23.335239313,no,-,-,-,-,0.100000,10.000000,0.769044,2,1,11723,-8123,2.500000,0.000000,9000,yes
271,SELL,0.426091,21:07:23.335239313,no,-,-,-,-,0.100000,10.000000,0.769044,2,1,11733,-8133,2.500000,0.000000,9000,yes
272,SELL,1.577354,21:07:23.335239313,no,-,-,-,-,0.100000,10.000000,0.769044,2,1,11744,-8144,2.500000,0.000000,9000,yes
273,SELL,1.757053,21:07:23.335239313,no,-,-,-,-,0.100000,10.000000,0.769044,2,1,11754,-8154,2.500000,0.000000,9000,yes
274,SELL,2.813988,21:07:23.335239313,no,-,-,-,-,0.100000,10.000000,0.769044,2,1,11765,-8165,2.500000,0.000000,9000,yes
275,SELL,1.643922,21:07:23.335239313,no,-,-,-,-,0.100000,10.000000,0.769044,2,1,11777,-8177,2.500000,0.000000,9000,yes
276,SELL,3.591843,21:07:23.335239313,no,-,-,-,-,0.100000,10.000000,0.769044,2,1,11786,-8186,2.500000,0.000000,9000,yes
277,SELL,2.598360,21:07:23.335239313,no,-,-,-,-,0.100000,10.000000,0.769044,2,1,11796,-8196,2.500000,0.000000,9000,yes
278,SELL,2.675500,21:07:23.335239313,no,-,-,-,-,0.100000,10.000000,0.769044,2,1,11808,-8208,2.500000,0.000000,9000,yes
279,SELL,3.967624,21:07:23.335239313,no,-,-,-,-,0.100000,10.000000,0.769044,2,1,11819,-8219,2.500000,0.000000,9000,yes
280,SELL,3.111095,21:07:23.335239313,no,-,-,-,-,0.100000,10.000000,0.769044,2,1,11829,-8229,2.500000,0.000000,9000,yes
281,SELL,5.885436,21:07:23.335239313,no,-,-,-,-,0.100000,10.000000,0.769044,2,1,11839,-8239,2.500000,0.000000,9000,yes
282,SELL,6.071754,21:07:23.335239313,no,-,-,-,-,0.100000,10.000000,0.769044,2,1,11849,-8249,2.500000,0.000000,9000,yes
283,SELL,4.295416,21:07:23.335239313,no,-,-,-,-,0.100000,10.000000,0.769044,2,1,11860,-8260,2.500000,0.000000,9000,yes
284,SELL,7.965941,21:07:23.335239313,no,-,-,-,-,0.100000,10.000000,0.769044,2,1,11871,-8271,2.500000,0.000000,9000,yes
285,SELL,7.459810,21:07:23.335239313,no,-,-,-,-,0.100000,10.000000,0.769044,2,1,11932,-8332,2.500000,0.000000,9000,yes
286,SELL,5.770793,21:07:23.335239313,no,-,-,-,-,0.100000,10.000000,0.769044,2,1,11938,-8338,2.500000,0.000000,9000,yes
287,SELL,7.085454,21:07:23.335239313,no,-,-,-,-,0.100000,10.000000,0.769044,2,1,11944,-8344,2.500000,0.000000,9000,yes
288,SELL,6.278769,21:07:23.335239313,no,-,-,-,-,0.100000,10.000000,0.769044,2,1,11954,-8354,2.500000,0.000000,9000,yes
289,SELL,8.518577,21:07:23.335239313,no,-,-,-,-,0.100000,10.000000,0.769044,2,1,11964,-8364,2.500000,0.000000,9000,yes
290,SELL,6.169319,21:07:23.335239313,no,-,-,-,-,0.100000,10.000000,0.769044,2,1,11975,-8375,2.500000,0.000000,9000,yes
291,SELL,3.903214,21:07:23.335239313,no,-,-,-,-,0.100000,10.000000,0.769044,2,1,11987,-8387,2.500000,0.000000,9000,yes
292,SELL,3.653880,21:07:23.335239313,no,-,-,-,-,0.100000,10.000000,0.769044,2,1,11996,-8396,2.500000,0.000000,9000,yes
293,SELL,3.587832,21:07:23.335239313,no,-,-,-,-,0.100000,10.000000,0.769044,2,1,12007,-8407,2.500000,0.000000,9000,yes
294,SELL,1.819215,21:07:23.335239313,no,-,-,-,-,0.100000,10.000000,0.769044,2,1,12018,-8418,2.500000,0.000000,9000,yes
295,SELL,3.952019,21:07:23.335239313,no,-,-,-,-,0.100000,10.000000,0.769044,2,1,12028,-8428,2.500000,0.000000,9000,yes
296,SELL,2.441952,21:07:23.335239313,no,-,-,-,-,0.100000,10.000000,0.769044,2,1,12038,-8438,2.500000,0.000000,9000,yes
297,SELL,3.708128,21:07:23.335239313,no,-,-,-,-,0.100000,10.000000,0.769044,2,1,12049,-8449,2.500000,0.000000,9000,yes
298,SELL,0.416425,21:07:23.335239313,no,-,-,-,-,0.100000,10.000000,0.769044,2,1,18250,-14650,2.500000,0.000000,9000,yes
299,SELL,0.099140,21:07:23.335239313,no,-,-,-,-,0.100000,10.000000,0.769044,2,1,18254,-14654,2.500000,0.000000,9000,yes
