轮数,方向,预测值,算法开始时间,是否下单,下单价格,档位,下单量,下单耗时(从预测到下单),r1,r2,std,freq,qty_scalar,经过时间,剩余时间,目标速度,实际速度,剩余量,是否为最后一轮
1,SELL,-0.061748,21:07:23.336492518,no,-,-,-,-,0.909091,1.100000,0.718812,2,1,332,3268,1.250000,0.000000,4500,no
2,SELL,-0.024622,21:07:23.336492518,no,-,-,-,-,0.826446,1.210000,0.718812,2,1,336,3264,1.250000,0.000000,4500,no
3,SELL,0.095276,21:07:23.336492518,no,-,-,-,-,0.751315,1.331000,0.718812,2,1,339,3261,1.250000,0.000000,4500,no
4,SELL,-0.613730,21:07:23.336492518,no,-,-,-,-,0.683013,1.464100,0.718812,2,1,343,3257,1.250000,0.000000,4500,no
5,SELL,-0.156785,21:07:23.336492518,no,-,-,-,-,0.620921,1.610510,0.718812,2,1,347,3253,1.250000,0.000000,4500,no
6,SELL,0.201767,21:07:23.336492518,no,-,-,-,-,0.564474,1.771561,0.718812,2,1,351,3249,1.250000,0.000000,4500,no
7,SELL,-0.197449,21:07:23.336492518,no,-,-,-,-,0.513158,1.948717,0.718812,2,1,356,3244,1.250000,0.000000,4500,no
8,SELL,-0.528409,21:07:23.336492518,no,-,-,-,-,0.466507,2.143589,0.718812,2,1,360,3240,1.250000,0.000000,4500,no
9,SELL,-0.328584,21:07:23.336492518,no,-,-,-,-,0.424098,2.357948,0.718812,2,1,363,3237,1.250000,0.000000,4500,no
10,SELL,-0.664037,21:07:23.336492518,no,-,-,-,-,0.385543,2.593742,0.718812,2,1,367,3233,1.250000,0.000000,4500,no
11,SELL,-0.394445,21:07:23.336492518,no,-,-,-,-,0.350494,2.853117,0.718812,2,1,370,3230,1.250000,0.000000,4500,no
12,SELL,0.301671,21:07:23.336492518,no,-,-,-,-,0.318631,3.138428,0.718812,2,1,373,3227,1.250000,0.000000,4500,no
13,SELL,0.699850,21:07:23.336492518,no,-,-,-,-,0.289664,3.452271,0.718812,2,1,377,3223,1.250000,0.000000,4500,no
14,SELL,0.095741,21:07:23.336492518,no,-,-,-,-,0.263331,3.797498,0.718812,2,1,381,3219,1.250000,0.000000,4500,no
15,SELL,-0.102519,21:07:23.336492518,no,-,-,-,-,0.239392,4.177248,0.718812,2,1,383,3217,1.250000,0.000000,4500,no
16,SELL,0.143002,21:07:23.336492518,no,-,-,-,-,0.217629,4.594973,0.718812,2,1,388,3212,1.250000,0.000000,4500,no
17,SELL,0.005190,21:07:23.336492518,no,-,-,-,-,0.197845,5.054470,0.718812,2,1,392,3208,1.250000,0.000000,4500,no
18,SELL,-0.059179,21:07:23.336492518,no,-,-,-,-,0.179859,5.559917,0.718812,2,1,397,3203,1.250000,0.000000,4500,no
19,SELL,0.644182,21:07:23.336492518,no,-,-,-,-,0.163508,6.115909,0.718812,2,1,399,3201,1.250000,0.000000,4500,no
20,SELL,0.451187,21:07:23.336492518,no,-,-,-,-,0.148644,6.727500,0.718812,2,1,402,3198,1.250000,0.000000,4500,no
21,SELL,0.388796,21:07:23.336492518,no,-,-,-,-,0.135131,7.400250,0.718812,2,1,407,3193,1.250000,0.000000,4500,no
22,SELL,0.104443,21:07:23.336492518,no,-,-,-,-,0.122846,8.140275,0.718812,2,1,410,3190,1.250000,0.000000,4500,no
23,SELL,0.056026,21:07:23.336492518,no,-,-,-,-,0.111678,8.954302,0.718812,2,1,412,3188,1.250000,0.000000,4500,no
24,SELL,1.233576,21:07:23.336492518,no,-,-,-,-,0.101526,9.849733,0.718812,2,1,417,3183,1.250000,0.000000,4500,no
25,SELL,1.160688,21:07:23.336492518,no,-,-,-,-,0.100000,10.000000,0.718812,2,1,423,3177,1.250000,0.000000,4500,no
26,SELL,0.869569,21:07:23.336492518,no,-,-,-,-,0.100000,10.000000,0.718812,2,1,427,3173,1.250000,0.000000,4500,no
27,SELL,0.587794,21:07:23.336492518,no,-,-,-,-,0.100000,10.000000,0.718812,2,1,432,3168,1.250000,0.000000,4500,no
28,SELL,-0.130622,21:07:23.336492518,no,-,-,-,-,0.100000,10.000000,0.718812,2,1,438,3162,1.250000,0.000000,4500,no
29,SELL,0.283095,21:07:23.336492518,no,-,-,-,-,0.100000,10.000000,0.718812,2,1,442,3158,1.250000,0.000000,4500,no
30,SELL,1.060576,21:07:23.336492518,no,-,-,-,-,0.100000,10.000000,0.718812,2,1,445,3155,1.250000,0.000000,4500,no
31,SELL,0.522833,21:07:23.336492518,no,-,-,-,-,0.100000,10.000000,0.718812,2,1,448,3152,1.250000,0.000000,4500,no
32,SELL,0.768529,21:07:23.336492518,no,-,-,-,-,0.100000,10.000000,0.718812,2,1,452,3148,1.250000,0.000000,4500,no
33,SELL,0.430365,21:07:23.336492518,no,-,-,-,-,0.100000,10.000000,0.718812,2,1,457,3143,1.250000,0.000000,4500,no
34,SELL,0.454645,21:07:23.336492518,no,-,-,-,-,0.100000,10.000000,0.718812,2,1,461,3139,1.250000,0.000000,4500,no
35,SELL,0.364857,21:07:23.336492518,no,-,-,-,-,0.100000,10.000000,0.718812,2,1,464,3136,1.250000,0.000000,4500,no
36,SELL,0.571783,21:07:23.336492518,no,-,-,-,-,0.100000,10.000000,0.718812,2,1,467,3133,1.250000,0.000000,4500,no
37,SELL,-0.147692,21:07:23.336492518,no,-,-,-,-,0.100000,10.000000,0.718812,2,1,471,3129,1.250000,0.000000,4500,no
38,SELL,-0.062637,21:07:23.336492518,no,-,-,-,-,0.100000,10.000000,0.718812,2,1,475,3125,1.250000,0.000000,4500,no
39,SELL,-0.890143,21:07:23.336492518,no,-,-,-,-,0.100000,10.000000,0.718812,2,1,480,3120,1.250000,0.000000,4500,no
40,SELL,0.288131,21:07:23.336492518,no,-,-,-,-,0.100000,10.000000,0.718812,2,1,483,3117,1.250000,0.000000,4500,no
41,SELL,0.051100,21:07:23.336492518,no,-,-,-,-,0.100000,10.000000,0.718812,2,1,487,3113,1.250000,0.000000,4500,no
42,SELL,0.988715,21:07:23.336492518,no,-,-,-,-,0.100000,10.000000,0.718812,2,1,490,3110,1.250000,0.000000,4500,no
43,SELL,0.057105,21:07:23.336492518,no,-,-,-,-,0.100000,10.000000,0.718812,2,1,495,3105,1.250000,0.000000,4500,no
44,SELL,0.750886,21:07:23.336492518,no,-,-,-,-,0.100000,10.000000,0.718812,2,1,501,3099,1.250000,0.000000,4500,no
45,SELL,0.841669,21:07:23.336492518,no,-,-,-,-,0.100000,10.000000,0.718812,2,1,505,3095,1.250000,0.000000,4500,no
46,SELL,1.793702,21:07:23.336492518,no,-,-,-,-,0.100000,10.000000,0.718812,2,1,509,3091,1.250000,0.000000,4500,no
47,SELL,0.970580,21:07:23.336492518,no,-,-,-,-,0.100000,10.000000,0.718812,2,1,514,3086,1.250000,0.000000,4500,no
48,SELL,-0.405346,21:07:23.336492518,no,-,-,-,-,0.100000,10.000000,0.718812,2,1,518,3082,1.250000,0.000000,4500,no
49,SELL,0.079700,21:07:23.336492518,no,-,-,-,-,0.100000,10.000000,0.718812,2,1,522,3078,1.250000,0.000000,4500,no
50,SELL,1.774710,21:07:23.336492518,no,-,-,-,-,0.100000,10.000000,0.718812,2,1,528,3072,1.250000,0.000000,4500,no
51,SELL,0.333747,21:07:23.336492518,no,-,-,-,-,0.100000,10.000000,0.718812,2,1,530,3070,1.250000,0.000000,4500,no
52,SELL,0.233205,21:07:23.336492518,no,-,-,-,-,0.100000,10.000000,0.718812,2,1,535,3065,1.250000,0.000000,4500,no
53,SELL,-0.746983,21:07:23.336492518,no,-,-,-,-,0.100000,10.000000,0.718812,2,1,539,3061,1.250000,0.000000,4500,no
54,SELL,-1.122573,21:07:23.336492518,no,-,-,-,-,0.100000,10.000000,0.718812,2,1,546,3054,1.250000,0.000000,4500,no
55,SELL,-1.067149,21:07:23.336492518,no,-,-,-,-,0.100000,10.000000,0.718812,2,1,554,3046,1.250000,0.000000,4500,no
56,SELL,-0.054149,21:07:23.336492518,no,-,-,-,-,0.100000,10.000000,0.718812,2,1,557,3043,1.250000,0.000000,4500,no
57,SELL,-0.026187,21:07:23.336492518,no,-,-,-,-,0.100000,10.000000,0.718812,2,1,563,3037,1.250000,0.000000,4500,no
58,SELL,-0.149418,21:07:23.336492518,no,-,-,-,-,0.100000,10.000000,0.718812,2,1,568,3032,1.250000,0.000000,4500,no
59,SELL,0.360670,21:07:23.336492518,no,-,-,-,-,0.100000,10.000000,0.718812,2,1,571,3029,1.250000,0.000000,4500,no
60,SELL,0.146118,21:07:23.336492518,no,-,-,-,-,0.100000,10.000000,0.718812,2,1,576,3024,1.250000,0.000000,4500,no
61,SELL,-0.280120,21:07:23.336492518,no,-,-,-,-,0.100000,10.000000,0.718812,2,1,579,3021,1.250000,0.000000,4500,no
62,SELL,0.602383,21:07:23.336492518,no,-,-,-,-,0.100000,10.000000,0.718812,2,1,583,3017,1.250000,0.000000,4500,no
63,SELL,-0.214303,21:07:23.336492518,no,-,-,-,-,0.100000,10.000000,0.718812,2,1,587,3013,1.250000,0.000000,4500,no
64,SELL,-0.098327,21:07:23.336492518,no,-,-,-,-,0.100000,10.000000,0.718812,2,1,592,3008,1.250000,0.000000,4500,no
65,SELL,-0.053044,21:07:23.336492518,no,-,-,-,-,0.100000,10.000000,0.718812,2,1,595,3005,1.250000,0.000000,4500,no
66,SELL,-0.178061,21:07:23.336492518,no,-,-,-,-,0.100000,10.000000,0.718812,2,1,600,3000,1.250000,0.000000,4500,no
67,SELL,-0.124873,21:07:23.336492518,no,-,-,-,-,0.100000,10.000000,0.718812,2,1,605,2995,1.250000,0.000000,4500,no
68,SELL,-0.035114,21:07:23.336492518,no,-,-,-,-,0.100000,10.000000,0.718812,2,1,608,2992,1.250000,0.000000,4500,no
69,SELL,0.161586,21:07:23.336492518,no,-,-,-,-,0.100000,10.000000,0.718812,2,1,611,2989,1.250000,0.000000,4500,no
70,SELL,2.280996,21:07:23.336492518,no,-,-,-,-,0.100000,10.000000,0.718812,2,1,615,2985,1.250000,0.000000,4500,no
71,SELL,0.383054,21:07:23.336492518,no,-,-,-,-,0.100000,10.000000,0.718812,2,1,618,2982,1.250000,0.000000,4500,no
72,SELL,-0.598742,21:07:23.336492518,no,-,-,-,-,0.100000,10.000000,0.718812,2,1,622,2978,1.250000,0.000000,4500,no
73,SELL,-0.060999,21:07:23.336492518,no,-,-,-,-,0.100000,10.000000,0.718812,2,1,625,2975,1.250000,0.000000,4500,no
74,SELL,0.511947,21:07:23.336492518,no,-,-,-,-,0.100000,10.000000,0.718812,2,1,630,2970,1.250000,0.000000,4500,no
75,SELL,-0.201597,21:07:23.336492518,no,-,-,-,-,0.100000,10.000000,0.718812,2,1,634,2966,1.250000,0.000000,4500,no
76,SELL,0.414184,21:07:23.336492518,no,-,-,-,-,0.100000,10.000000,0.718812,2,1,637,2963,1.250000,0.000000,4500,no
77,SELL,0.283180,21:07:23.336492518,no,-,-,-,-,0.100000,10.000000,0.718812,2,1,640,2960,1.250000,0.000000,4500,no
78,SELL,0.222050,21:07:23.336492518,no,-,-,-,-,0.100000,10.000000,0.718812,2,1,642,2958,1.250000,0.000000,4500,no
79,SELL,0.151988,21:07:23.336492518,no,-,-,-,-,0.100000,10.000000,0.718812,2,1,645,2955,1.250000,0.000000,4500,no
80,SELL,0.042418,21:07:23.336492518,no,-,-,-,-,0.100000,10.000000,0.718812,2,1,648,2952,1.250000,0.000000,4500,no
81,SELL,-0.712198,21:07:23.336492518,no,-,-,-,-,0.100000,10.000000,0.718812,2,1,652,2948,1.250000,0.000000,4500,no
82,SELL,-0.313669,21:07:23.336492518,no,-,-,-,-,0.100000,10.000000,0.718812,2,1,655,2945,1.250000,0.000000,4500,no
83,SELL,-0.616892,21:07:23.336492518,no,-,-,-,-,0.100000,10.000000,0.718812,2,1,659,2941,1.250000,0.000000,4500,no
84,SELL,-0.597213,21:07:23.336492518,no,-,-,-,-,0.100000,10.000000,0.718812,2,1,663,2937,1.250000,0.000000,4500,no
85,SELL,0.117995,21:07:23.336492518,no,-,-,-,-,0.100000,10.000000,0.718812,2,1,668,2932,1.250000,0.000000,4500,no
86,SELL,-0.333150,21:07:23.336492518,no,-,-,-,-,0.100000,10.000000,0.718812,2,1,670,2930,1.250000,0.000000,4500,no
87,SELL,-0.106626,21:07:23.336492518,no,-,-,-,-,0.100000,10.000000,0.718812,2,1,673,2927,1.250000,0.000000,4500,no
88,SELL,0.964333,21:07:23.336492518,no,-,-,-,-,0.100000,10.000000,0.718812,2,1,677,2923,1.250000,0.000000,4500,no
89,SELL,0.571467,21:07:23.336492518,no,-,-,-,-,0.100000,10.000000,0.718812,2,1,680,2920,1.250000,0.000000,4500,no
90,SELL,0.170110,21:07:23.336492518,no,-,-,-,-,0.100000,10.000000,0.718812,2,1,684,2916,1.250000,0.000000,4500,no
91,SELL,-0.611813,21:07:23.336492518,no,-,-,-,-,0.100000,10.000000,0.718812,2,1,687,2913,1.250000,0.000000,4500,no
92,SELL,-0.931217,21:07:23.336492518,no,-,-,-,-,0.100000,10.000000,0.718812,2,1,691,2909,1.250000,0.000000,4500,no
93,SELL,0.331552,21:07:23.336492518,no,-,-,-,-,0.100000,10.000000,0.718812,2,1,694,2906,1.250000,0.000000,4500,no
94,SELL,0.250153,21:07:23.336492518,no,-,-,-,-,0.100000,10.000000,0.718812,2,1,697,2903,1.250000,0.000000,4500,no
95,SELL,0.287808,21:07:23.336492518,no,-,-,-,-,0.100000,10.000000,0.718812,2,1,702,2898,1.250000,0.000000,4500,no
96,SELL,-0.262508,21:07:23.336492518,no,-,-,-,-,0.100000,10.000000,0.718812,2,1,705,2895,1.250000,0.000000,4500,no
97,SELL,0.192739,21:07:23.336492518,no,-,-,-,-,0.100000,10.000000,0.718812,2,1,707,2893,1.250000,0.000000,4500,no
98,SELL,0.467696,21:07:23.336492518,no,-,-,-,-,0.100000,10.000000,0.718812,2,1,711,2889,1.250000,0.000000,4500,no
99,SELL,0.501887,21:07:23.336492518,no,-,-,-,-,0.100000,10.000000,0.718812,2,1,714,2886,1.250000,0.000000,4500,no
100,SELL,0.518435,21:07:23.336492518,no,-,-,-,-,0.100000,10.000000,0.718812,2,1,716,2884,1.250000,0.000000,4500,no
101,SELL,0.435802,21:07:23.336492518,no,-,-,-,-,0.100000,10.000000,0.718812,2,1,719,2881,1.250000,0.000000,4500,no
102,SELL,-0.081850,21:07:23.336492518,no,-,-,-,-,0.100000,10.000000,0.718812,2,1,723,2877,1.250000,0.000000,4500,no
103,SELL,0.424509,21:07:23.336492518,no,-,-,-,-,0.100000,10.000000,0.718812,2,1,726,2874,1.250000,0.000000,4500,no
104,SELL,-1.425474,21:07:23.336492518,no,-,-,-,-,0.100000,10.000000,0.718812,2,1,730,2870,1.250000,0.000000,4500,no
105,SELL,-1.265954,21:07:23.336492518,no,-,-,-,-,0.100000,10.000000,0.718812,2,1,734,2866,1.250000,0.000000,4500,no
106,SELL,0.720824,21:07:23.336492518,no,-,-,-,-,0.100000,10.000000,0.718812,2,1,739,2861,1.250000,0.000000,4500,no
107,SELL,0.077526,21:07:23.336492518,no,-,-,-,-,0.100000,10.000000,0.718812,2,1,744,2856,1.250000,0.000000,4500,no
108,SELL,-0.121748,21:07:23.336492518,no,-,-,-,-,0.100000,10.000000,0.718812,2,1,751,2849,1.250000,0.000000,4500,no
109,SELL,1.057873,21:07:23.336492518,no,-,-,-,-,0.100000,10.000000,0.718812,2,1,756,2844,1.250000,0.000000,4500,no
110,SELL,0.441248,21:07:23.336492518,no,-,-,-,-,0.100000,10.000000,0.718812,2,1,759,2841,1.250000,0.000000,4500,no
111,SELL,-0.702417,21:07:23.336492518,no,-,-,-,-,0.100000,10.000000,0.718812,2,1,765,2835,1.250000,0.000000,4500,no
112,SELL,0.112532,21:07:23.336492518,no,-,-,-,-,0.100000,10.000000,0.718812,2,1,767,2833,1.250000,0.000000,4500,no
113,SELL,-0.069597,21:07:23.336492518,no,-,-,-,-,0.100000,10.000000,0.718812,2,1,771,2829,1.250000,0.000000,4500,no
114,SELL,-0.490882,21:07:23.336492518,no,-,-,-,-,0.100000,10.000000,0.718812,2,1,774,2826,1.250000,0.000000,4500,no
115,SELL,-0.648213,21:07:23.336492518,no,-,-,-,-,0.100000,10.000000,0.718812,2,1,777,2823,1.250000,0.000000,4500,no
116,SELL,0.392339,21:07:23.336492518,no,-,-,-,-,0.100000,10.000000,0.718812,2,1,782,2818,1.250000,0.000000,4500,no
117,SELL,-0.003994,21:07:23.336492518,no,-,-,-,-,0.100000,10.000000,0.718812,2,1,785,2815,1.250000,0.000000,4500,no
118,SELL,-0.841708,21:07:23.336492518,no,-,-,-,-,0.100000,10.000000,0.718812,2,1,788,2812,1.250000,0.000000,4500,no
119,SELL,-1.631368,21:07:23.336492518,no,-,-,-,-,0.100000,10.000000,0.718812,2,1,790,2810,1.250000,0.000000,4500,no
120,SELL,-1.515140,21:07:23.336492518,no,-,-,-,-,0.100000,10.000000,0.718812,2,1,793,2807,1.250000,0.000000,4500,no
121,SELL,-1.118382,21:07:23.336492518,no,-,-,-,-,0.100000,10.000000,0.718812,2,1,796,2804,1.250000,0.000000,4500,no
122,SELL,-0.676412,21:07:23.336492518,no,-,-,-,-,0.100000,10.000000,0.718812,2,1,799,2801,1.250000,0.000000,4500,no
123,SELL,-0.647220,21:07:23.336492518,no,-,-,-,-,0.100000,10.000000,0.718812,2,1,804,2796,1.250000,0.000000,4500,no
124,SELL,-0.695206,21:07:23.336492518,no,-,-,-,-,0.100000,10.000000,0.718812,2,1,808,2792,1.250000,0.000000,4500,no
125,SELL,-0.609629,21:07:23.336492518,no,-,-,-,-,0.100000,10.000000,0.718812,2,1,810,2790,1.250000,0.000000,4500,no
126,SELL,-0.596556,21:07:23.336492518,no,-,-,-,-,0.100000,10.000000,0.718812,2,1,815,2785,1.250000,0.000000,4500,no
127,SELL,-0.297350,21:07:23.336492518,no,-,-,-,-,0.100000,10.000000,0.718812,2,1,819,2781,1.250000,0.000000,4500,no
128,SELL,-0.866249,21:07:23.336492518,no,-,-,-,-,0.100000,10.000000,0.718812,2,1,822,2778,1.250000,0.000000,4500,no
129,SELL,-0.332258,21:07:23.336492518,no,-,-,-,-,0.100000,10.000000,0.718812,2,1,825,2775,1.250000,0.000000,4500,no
130,SELL,-0.823027,21:07:23.336492518,no,-,-,-,-,0.100000,10.000000,0.718812,2,1,829,2771,1.250000,0.000000,4500,no
131,SELL,-0.294104,21:07:23.336492518,no,-,-,-,-,0.100000,10.000000,0.718812,2,1,833,2767,1.250000,0.000000,4500,no
132,SELL,0.476969,21:07:23.336492518,no,-,-,-,-,0.100000,10.000000,0.718812,2,1,836,2764,1.250000,0.000000,4500,no
133,SELL,0.072878,21:07:23.336492518,no,-,-,-,-,0.100000,10.000000,0.718812,2,1,838,2762,1.250000,0.000000,4500,no
134,SELL,0.104796,21:07:23.336492518,no,-,-,-,-,0.100000,10.000000,0.718812,2,1,841,2759,1.250000,0.000000,4500,no
135,SELL,0.332304,21:07:23.336492518,no,-,-,-,-,0.100000,10.000000,0.718812,2,1,844,2756,1.250000,0.000000,4500,no
136,SELL,0.073405,21:07:23.336492518,no,-,-,-,-,0.100000,10.000000,0.718812,2,1,848,2752,1.250000,0.000000,4500,no
137,SELL,0.130505,21:07:23.336492518,no,-,-,-,-,0.100000,10.000000,0.718812,2,1,851,2749,1.250000,0.000000,4500,no
138,SELL,0.455329,21:07:23.336492518,no,-,-,-,-,0.100000,10.000000,0.718812,2,1,855,2745,1.250000,0.000000,4500,no
139,SELL,0.678241,21:07:23.336492518,no,-,-,-,-,0.100000,10.000000,0.718812,2,1,858,2742,1.250000,0.000000,4500,no
140,SELL,1.143665,21:07:23.336492518,no,-,-,-,-,0.100000,10.000000,0.718812,2,1,861,2739,1.250000,0.000000,4500,no
141,SELL,0.785001,21:07:23.336492518,no,-,-,-,-,0.100000,10.000000,0.718812,2,1,864,2736,1.250000,0.000000,4500,no
142,SELL,1.005423,21:07:23.336492518,no,-,-,-,-,0.100000,10.000000,0.718812,2,1,867,2733,1.250000,0.000000,4500,no
143,SELL,0.982425,21:07:23.336492518,no,-,-,-,-,0.100000,10.000000,0.718812,2,1,871,2729,1.250000,0.000000,4500,no
144,SELL,1.259233,21:07:23.336492518,no,-,-,-,-,0.100000,10.000000,0.718812,2,1,876,2724,1.250000,0.000000,4500,no
145,SELL,1.077089,21:07:23.336492518,no,-,-,-,-,0.100000,10.000000,0.718812,2,1,878,2722,1.250000,0.000000,4500,no
146,SELL,1.150216,21:07:23.336492518,no,-,-,-,-,0.100000,10.000000,0.718812,2,1,882,2718,1.250000,0.000000,4500,no
147,SELL,-0.283010,21:07:23.336492518,no,-,-,-,-,0.100000,10.000000,0.718812,2,1,885,2715,1.250000,0.000000,4500,no
148,SELL,0.158316,21:07:23.336492518,no,-,-,-,-,0.100000,10.000000,0.718812,2,1,889,2711,1.250000,0.000000,4500,no
149,SELL,0.784215,21:07:23.336492518,no,-,-,-,-,0.100000,10.000000,0.718812,2,1,893,2707,1.250000,0.000000,4500,no
150,SELL,0.922071,21:07:23.336492518,no,-,-,-,-,0.100000,10.000000,0.718812,2,1,896,2704,1.250000,0.000000,4500,no
151,SELL,0.864378,21:07:23.336492518,no,-,-,-,-,0.100000,10.000000,0.718812,2,1,898,2702,1.250000,0.000000,4500,no
152,SELL,0.814069,21:07:23.336492518,no,-,-,-,-,0.100000,10.000000,0.718812,2,1,902,2698,1.250000,0.000000,4500,no
153,SELL,0.317774,21:07:23.336492518,no,-,-,-,-,0.100000,10.000000,0.718812,2,1,905,2695,1.250000,0.000000,4500,no
154,SELL,0.250918,21:07:23.336492518,no,-,-,-,-,0.100000,10.000000,0.718812,2,1,908,2692,1.250000,0.000000,4500,no
155,SELL,0.131279,21:07:23.336492518,no,-,-,-,-,0.100000,10.000000,0.718812,2,1,910,2690,1.250000,0.000000,4500,no
156,SELL,0.159190,21:07:23.336492518,no,-,-,-,-,0.100000,10.000000,0.718812,2,1,1190,2410,1.250000,0.000000,4500,no
157,SELL,-0.580777,21:07:23.336492518,no,-,-,-,-,0.100000,10.000000,0.718812,2,1,1194,2406,1.250000,0.000000,4500,no
158,SELL,-0.444081,21:07:23.336492518,no,-,-,-,-,0.100000,10.000000,0.718812,2,1,1198,2402,1.250000,0.000000,4500,no
159,SELL,-0.575218,21:07:23.336492518,no,-,-,-,-,0.100000,10.000000,0.718812,2,1,1202,2398,1.250000,0.000000,4500,no
160,SELL,-0.318495,21:07:23.336492518,no,-,-,-,-,0.100000,10.000000,0.718812,2,1,1207,2393,1.250000,0.000000,4500,no
161,SELL,-0.061073,21:07:23.336492518,no,-,-,-,-,0.100000,10.000000,0.718812,2,1,1214,2386,1.250000,0.000000,4500,no
162,SELL,-0.574968,21:07:23.336492518,no,-,-,-,-,0.100000,10.000000,0.718812,2,1,1220,2380,1.250000,0.000000,4500,no
163,SELL,-0.472892,21:07:23.336492518,no,-,-,-,-,0.100000,10.000000,0.718812,2,1,1226,2374,1.250000,0.000000,4500,no
164,SELL,-0.221813,21:07:23.336492518,no,-,-,-,-,0.100000,10.000000,0.718812,2,1,1231,2369,1.250000,0.000000,4500,no
165,SELL,-0.310200,21:07:23.336492518,no,-,-,-,-,0.100000,10.000000,0.718812,2,1,1234,2366,1.250000,0.000000,4500,no
166,SELL,0.003363,21:07:23.336492518,no,-,-,-,-,0.100000,10.000000,0.718812,2,1,1238,2362,1.250000,0.000000,4500,no
167,SELL,-0.044221,21:07:23.336492518,no,-,-,-,-,0.100000,10.000000,0.718812,2,1,1242,2358,1.250000,0.000000,4500,no
168,SELL,0.051423,21:07:23.336492518,no,-,-,-,-,0.100000,10.000000,0.718812,2,1,1248,2352,1.250000,0.000000,4500,no
169,SELL,-0.136920,21:07:23.336492518,no,-,-,-,-,0.100000,10.000000,0.718812,2,1,1252,2348,1.250000,0.000000,4500,no
170,SELL,-0.029585,21:07:23.336492518,no,-,-,-,-,0.100000,10.000000,0.718812,2,1,1255,2345,1.250000,0.000000,4500,no
171,SELL,1.063544,21:07:23.336492518,no,-,-,-,-,0.100000,10.000000,0.718812,2,1,1259,2341,1.250000,0.000000,4500,no
172,SELL,-0.641196,21:07:23.336492518,no,-,-,-,-,0.100000,10.000000,0.718812,2,1,1264,2336,1.250000,0.000000,4500,no
173,SELL,0.272581,21:07:23.336492518,no,-,-,-,-,0.100000,10.000000,0.718812,2,1,1269,2331,1.250000,0.000000,4500,no
174,SELL,0.139106,21:07:23.336492518,no,-,-,-,-,0.100000,10.000000,0.718812,2,1,1272,2328,1.250000,0.000000,4500,no
175,SELL,0.105839,21:07:23.336492518,no,-,-,-,-,0.100000,10.000000,0.718812,2,1,1276,2324,1.250000,0.000000,4500,no
176,SELL,-0.023382,21:07:23.336492518,no,-,-,-,-,0.100000,10.000000,0.718812,2,1,1279,2321,1.250000,0.000000,4500,no
177,SELL,-0.076782,21:07:23.336492518,no,-,-,-,-,0.100000,10.000000,0.718812,2,1,1283,2317,1.250000,0.000000,4500,no
178,SELL,0.109211,21:07:23.336492518,no,-,-,-,-,0.100000,10.000000,0.718812,2,1,1287,2313,1.250000,0.000000,4500,no
179,SELL,0.141038,21:07:23.336492518,no,-,-,-,-,0.100000,10.000000,0.718812,2,1,1292,2308,1.250000,0.000000,4500,no
180,SELL,-0.133072,21:07:23.336492518,no,-,-,-,-,0.100000,10.000000,0.718812,2,1,1297,2303,1.250000,0.000000,4500,no
181,SELL,-0.531421,21:07:23.336492518,no,-,-,-,-,0.100000,10.000000,0.718812,2,1,1300,2300,1.250000,0.000000,4500,no
182,SELL,-0.338312,21:07:23.336492518,no,-,-,-,-,0.100000,10.000000,0.718812,2,1,1304,2296,1.250000,0.000000,4500,no
183,SELL,0.160376,21:07:23.336492518,no,-,-,-,-,0.100000,10.000000,0.718812,2,1,1309,2291,1.250000,0.000000,4500,no
184,SELL,-0.044894,21:07:23.336492518,no,-,-,-,-,0.100000,10.000000,0.718812,2,1,1313,2287,1.250000,0.000000,4500,no
185,SELL,-0.181752,21:07:23.336492518,no,-,-,-,-,0.100000,10.000000,0.718812,2,1,1316,2284,1.250000,0.000000,4500,no
186,SELL,-0.415030,21:07:23.336492518,no,-,-,-,-,0.100000,10.000000,0.718812,2,1,1320,2280,1.250000,0.000000,4500,no
187,SELL,-0.787036,21:07:23.336492518,no,-,-,-,-,0.100000,10.000000,0.718812,2,1,1326,2274,1.250000,0.000000,4500,no
188,SELL,-0.652441,21:07:23.336492518,no,-,-,-,-,0.100000,10.000000,0.718812,2,1,1330,2270,1.250000,0.000000,4500,no
189,SELL,-0.770266,21:07:23.336492518,no,-,-,-,-,0.100000,10.000000,0.718812,2,1,1335,2265,1.250000,0.000000,4500,no
190,SELL,-0.470061,21:07:23.336492518,no,-,-,-,-,0.100000,10.000000,0.718812,2,1,1339,2261,1.250000,0.000000,4500,no
191,SELL,-0.584697,21:07:23.336492518,no,-,-,-,-,0.100000,10.000000,0.718812,2,1,1342,2258,1.250000,0.000000,4500,no
192,SELL,-0.516394,21:07:23.336492518,no,-,-,-,-,0.100000,10.000000,0.718812,2,1,1345,2255,1.250000,0.000000,4500,no
193,SELL,-0.604269,21:07:23.336492518,no,-,-,-,-,0.100000,10.000000,0.718812,2,1,1348,2252,1.250000,0.000000,4500,no
194,SELL,-0.573896,21:07:23.336492518,no,-,-,-,-,0.100000,10.000000,0.718812,2,1,1352,2248,1.250000,0.000000,4500,no
195,SELL,-0.473394,21:07:23.336492518,no,-,-,-,-,0.100000,10.000000,0.718812,2,1,1355,2245,1.250000,0.000000,4500,no
196,SELL,-0.379113,21:07:23.336492518,no,-,-,-,-,0.100000,10.000000,0.718812,2,1,1358,2242,1.250000,0.000000,4500,no
197,SELL,-0.618800,21:07:23.336492518,no,-,-,-,-,0.100000,10.000000,0.718812,2,1,1361,2239,1.250000,0.000000,4500,no
198,SELL,-0.382276,21:07:23.336492518,no,-,-,-,-,0.100000,10.000000,0.718812,2,1,1365,2235,1.250000,0.000000,4500,no
199,SELL,-0.553677,21:07:23.336492518,no,-,-,-,-,0.100000,10.000000,0.718812,2,1,1370,2230,1.250000,0.000000,4500,no
200,SELL,-0.769441,21:07:23.336492518,no,-,-,-,-,0.100000,10.000000,0.718812,2,1,1375,2225,1.250000,0.000000,4500,no
201,SELL,-0.281291,21:07:23.336492518,no,-,-,-,-,0.100000,10.000000,0.718812,2,1,1386,2214,1.250000,0.000000,4500,no
202,SELL,0.374187,21:07:23.336492518,no,-,-,-,-,0.100000,10.000000,0.718812,2,1,1491,2109,1.250000,0.000000,4500,no
203,SELL,-0.085556,21:07:23.336492518,no,-,-,-,-,0.100000,10.000000,0.718812,2,1,1495,2105,1.250000,0.000000,4500,no
204,SELL,-0.107191,21:07:23.336492518,no,-,-,-,-,0.100000,10.000000,0.718812,2,1,1549,2051,1.250000,0.000000,4500,no
205,SELL,0.123390,21:07:23.336492518,no,-,-,-,-,0.100000,10.000000,0.718812,2,1,1552,2048,1.250000,0.000000,4500,no
206,SELL,0.065655,21:07:23.336492518,no,-,-,-,-,0.100000,10.000000,0.718812,2,1,1563,2037,1.250000,0.000000,4500,no
207,SELL,0.592951,21:07:23.336492518,no,-,-,-,-,0.100000,10.000000,0.718812,2,1,1565,2035,1.250000,0.000000,4500,no
208,SELL,0.171572,21:07:23.336492518,no,-,-,-,-,0.100000,10.000000,0.718812,2,1,1568,2032,1.250000,0.000000,4500,no
209,SELL,0.232076,21:07:23.336492518,no,-,-,-,-,0.100000,10.000000,0.718812,2,1,1572,2028,1.250000,0.000000,4500,no
210,SELL,-0.078057,21:07:23.336492518,no,-,-,-,-,0.100000,10.000000,0.718812,2,1,1577,2023,1.250000,0.000000,4500,no
211,SELL,-0.304509,21:07:23.336492518,no,-,-,-,-,0.100000,10.000000,0.718812,2,1,1581,2019,1.250000,0.000000,4500,no
212,SELL,-0.020340,21:07:23.336492518,no,-,-,-,-,0.100000,10.000000,0.718812,2,1,1584,2016,1.250000,0.000000,4500,no
213,SELL,-0.294420,21:07:23.336492518,no,-,-,-,-,0.100000,10.000000,0.718812,2,1,1588,2012,1.250000,0.000000,4500,no
214,SELL,-0.735519,21:07:23.336492518,no,-,-,-,-,0.100000,10.000000,0.718812,2,1,1593,2007,1.250000,0.000000,4500,no
215,SELL,-0.411016,21:07:23.336492518,no,-,-,-,-,0.100000,10.000000,0.718812,2,1,1617,1983,1.250000,0.000000,4500,no
216,SELL,-0.861144,21:07:23.336492518,no,-,-,-,-,0.100000,10.000000,0.718812,2,1,1620,1980,1.250000,0.000000,4500,no
217,SELL,-0.540103,21:07:23.336492518,no,-,-,-,-,0.100000,10.000000,0.718812,2,1,1624,1976,1.250000,0.000000,4500,no
218,SELL,-0.350105,21:07:23.336492518,no,-,-,-,-,0.100000,10.000000,0.718812,2,1,1626,1974,1.250000,0.000000,4500,no
219,SELL,-0.149412,21:07:23.336492518,no,-,-,-,-,0.100000,10.000000,0.718812,2,1,1631,1969,1.250000,0.000000,4500,no
220,SELL,-0.370925,21:07:23.336492518,no,-,-,-,-,0.100000,10.000000,0.718812,2,1,1638,1962,1.250000,0.000000,4500,no
221,SELL,-0.528361,21:07:23.336492518,no,-,-,-,-,0.100000,10.000000,0.718812,2,1,1647,1953,1.250000,0.000000,4500,no
222,SELL,-0.629570,21:07:23.336492518,no,-,-,-,-,0.100000,10.000000,0.718812,2,1,1649,1951,1.250000,0.000000,4500,no
223,SELL,-0.766240,21:07:23.336492518,no,-,-,-,-,0.100000,10.000000,0.718812,2,1,1653,1947,1.250000,0.000000,4500,no
224,SELL,-0.154883,21:07:23.336492518,no,-,-,-,-,0.100000,10.000000,0.718812,2,1,1657,1943,1.250000,0.000000,4500,no
225,SELL,-0.589874,21:07:23.336492518,no,-,-,-,-,0.100000,10.000000,0.718812,2,1,1671,1929,1.250000,0.000000,4500,no
226,SELL,-0.221210,21:07:23.336492518,no,-,-,-,-,0.100000,10.000000,0.718812,2,1,4927,-1327,1.250000,0.000000,4500,yes
227,SELL,0.741287,21:07:23.336492518,no,-,-,-,-,0.100000,10.000000,0.718812,2,1,4930,-1330,1.250000,0.000000,4500,yes
228,SELL,1.057531,21:07:23.336492518,no,-,-,-,-,0.100000,10.000000,0.718812,2,1,4935,-1335,1.250000,0.000000,4500,yes
229,SELL,0.471605,21:07:23.336492518,no,-,-,-,-,0.100000,10.000000,0.718812,2,1,4939,-1339,1.250000,0.000000,4500,yes
230,SELL,0.302324,21:07:23.336492518,no,-,-,-,-,0.100000,10.000000,0.718812,2,1,4942,-1342,1.250000,0.000000,4500,yes
231,SELL,0.658340,21:07:23.336492518,no,-,-,-,-,0.100000,10.000000,0.718812,2,1,4947,-1347,1.250000,0.000000,4500,yes
232,SELL,-0.340207,21:07:23.336492518,no,-,-,-,-,0.100000,10.000000,0.718812,2,1,4949,-1349,1.250000,0.000000,4500,yes
233,SELL,0.645186,21:07:23.336492518,no,-,-,-,-,0.100000,10.000000,0.718812,2,1,4954,-1354,1.250000,0.000000,4500,yes
234,SELL,1.519162,21:07:23.336492518,no,-,-,-,-,0.100000,10.000000,0.718812,2,1,4958,-1358,1.250000,0.000000,4500,yes
235,SELL,3.367381,21:07:23.336492518,no,-,-,-,-,0.100000,10.000000,0.718812,2,1,4961,-1361,1.250000,0.000000,4500,yes
236,SELL,2.081793,21:07:23.336492518,no,-,-,-,-,0.100000,10.000000,0.718812,2,1,4965,-1365,1.250000,0.000000,4500,yes
237,SELL,1.830016,21:07:23.336492518,no,-,-,-,-,0.100000,10.000000,0.718812,2,1,4968,-1368,1.250000,0.000000,4500,yes
238,SELL,3.109240,21:07:23.336492518,no,-,-,-,-,0.100000,10.000000,0.718812,2,1,4972,-1372,1.250000,0.000000,4500,yes
239,SELL,3.046910,21:07:23.336492518,no,-,-,-,-,0.100000,10.000000,0.718812,2,1,4977,-1377,1.250000,0.000000,4500,yes
240,SELL,2.765419,21:07:23.336492518,no,-,-,-,-,0.100000,10.000000,0.718812,2,1,4981,-1381,1.250000,0.000000,4500,yes
241,SELL,2.215555,21:07:23.336492518,no,-,-,-,-,0.100000,10.000000,0.718812,2,1,4985,-1385,1.250000,0.000000,4500,yes
242,SELL,5.063408,21:07:23.336492518,no,-,-,-,-,0.100000,10.000000,0.718812,2,1,4990,-1390,1.250000,0.000000,4500,yes
243,SELL,4.603493,21:07:23.336492518,no,-,-,-,-,0.100000,10.000000,0.718812,2,1,4995,-1395,1.250000,0.000000,4500,yes
244,SELL,3.189624,21:07:23.336492518,no,-,-,-,-,0.100000,10.000000,0.718812,2,1,4999,-1399,1.250000,0.000000,4500,yes
245,SELL,2.993476,21:07:23.336492518,no,-,-,-,-,0.100000,10.000000,0.718812,2,1,5004,-1404,1.250000,0.000000,4500,yes
246,SELL,0.396051,21:07:23.336492518,no,-,-,-,-,0.100000,10.000000,0.718812,2,1,5008,-1408,1.250000,0.000000,4500,yes
247,SELL,1.769600,21:07:23.336492518,no,-,-,-,-,0.100000,10.000000,0.718812,2,1,5032,-1432,1.250000,0.000000,4500,yes
248,SELL,1.163643,21:07:23.336492518,no,-,-,-,-,0.100000,10.000000,0.718812,2,1,5035,-1435,1.250000,0.000000,4500,yes
249,SELL,1.125395,21:07:23.336492518,no,-,-,-,-,0.100000,10.000000,0.718812,2,1,5038,-1438,1.250000,0.000000,4500,yes
250,SELL,1.652614,21:07:23.336492518,no,-,-,-,-,0.100000,10.000000,0.718812,2,1,5041,-1441,1.250000,0.000000,4500,yes
251,SELL,0.858326,21:07:23.336492518,no,-,-,-,-,0.100000,10.000000,0.718812,2,1,5050,-1450,1.250000,0.000000,4500,yes
252,SELL,0.624704,21:07:23.336492518,no,-,-,-,-,0.100000,10.000000,0.718812,2,1,11325,-7725,1.250000,0.000000,4500,yes
253,SELL,-3.014138,21:07:23.336492518,no,-,-,-,-,0.100000,10.000000,0.718812,2,1,11336,-7736,1.250000,0.000000,4500,yes
254,SELL,-4.126126,21:07:23.336492518,no,-,-,-,-,0.100000,10.000000,0.718812,2,1,11348,-7748,1.250000,0.000000,4500,yes
255,SELL,-3.634542,21:07:23.336492518,no,-,-,-,-,0.100000,10.000000,0.718812,2,1,11357,-7757,1.250000,0.000000,4500,yes
256,SELL,-2.807597,21:07:23.336492518,no,-,-,-,-,0.100000,10.000000,0.718812,2,1,11369,-7769,1.250000,0.000000,4500,yes
257,SELL,-3.673989,21:07:23.336492518,no,-,-,-,-,0.100000,10.000000,0.718812,2,1,11380,-7780,1.250000,0.000000,4500,yes
258,SELL,-2.298275,21:07:23.336492518,no,-,-,-,-,0.100000,10.000000,0.718812,2,1,11389,-7789,1.250000,0.000000,4500,yes
259,SELL,-5.728059,21:07:23.336492518,no,-,-,-,-,0.100000,10.000000,0.718812,2,1,11400,-7800,1.250000,0.000000,4500,yes
260,SELL,-2.937146,21:07:23.336492518,no,-,-,-,-,0.100000,10.000000,0.718812,2,1,11412,-7812,1.250000,0.000000,4500,yes
261,SELL,-4.158202,21:07:23.336492518,no,-,-,-,-,0.100000,10.000000,0.718812,2,1,11421,-7821,1.250000,0.000000,4500,yes
262,SELL,-3.242629,21:07:23.336492518,no,-,-,-,-,0.100000,10.000000,0.718812,2,1,11433,-7833,1.250000,0.000000,4500,yes
263,SELL,-4.192393,21:07:23.336492518,no,-,-,-,-,0.100000,10.000000,0.718812,2,1,11444,-7844,1.250000,0.000000,4500,yes
264,SELL,-4.561853,21:07:23.336492518,no,-,-,-,-,0.100000,10.000000,0.718812,2,1,11454,-7854,1.250000,0.000000,4500,yes
265,SELL,-5.834600,21:07:23.336492518,no,-,-,-,-,0.100000,10.000000,0.718812,2,1,11464,-7864,1.250000,0.000000,4500,yes
266,SELL,-5.208341,21:07:23.336492518,no,-,-,-,-,0.100000,10.000000,0.718812,2,1,11475,-7875,1.250000,0.000000,4500,yes
267,SELL,-7.190989,21:07:23.336492518,no,-,-,-,-,0.100000,10.000000,0.718812,2,1,11486,-7886,1.250000,0.000000,4500,yes
268,SELL,-1.291088,21:07:23.336492518,no,-,-,-,-,0.100000,10.000000,0.718812,2,1,11497,-7897,1.250000,0.000000,4500,yes
269,SELL,-1.836940,21:07:23.336492518,no,-,-,-,-,0.100000,10.000000,0.718812,2,1,11509,-7909,1.250000,0.000000,4500,yes
270,SELL,-1.493423,21:07:23.336492518,no,-,-,-,-,0.100000,10.000000,0.718812,2,1,11519,-7919,1.250000,0.000000,4500,yes
271,SELL,-1.714750,21:07:23.336492518,no,-,-,-,-,0.100000,10.000000,0.718812,2,1,11531,-7931,1.250000,0.000000,4500,yes
272,SELL,1.470232,21:07:23.336492518,no,-,-,-,-,0.100000,10.000000,0.718812,2,1,11542,-7942,1.250000,0.000000,4500,yes
273,SELL,-0.124967,21:07:23.336492518,no,-,-,-,-,0.100000,10.000000,0.718812,2,1,11552,-7952,1.250000,0.000000,4500,yes
274,SELL,2.126059,21:07:23.336492518,no,-,-,-,-,0.100000,10.000000,0.718812,2,1,11563,-7963,1.250000,0.000000,4500,yes
275,SELL,0.817506,21:07:23.336492518,no,-,-,-,-,0.100000,10.000000,0.718812,2,1,11574,-7974,1.250000,0.000000,4500,yes
276,SELL,2.201382,21:07:23.336492518,no,-,-,-,-,0.100000,10.000000,0.718812,2,1,11584,-7984,1.250000,0.000000,4500,yes
277,SELL,1.494408,21:07:23.336492518,no,-,-,-,-,0.100000,10.000000,0.718812,2,1,11595,-7995,1.250000,0.000000,4500,yes
278,SELL,1.041952,21:07:23.336492518,no,-,-,-,-,0.100000,10.000000,0.718812,2,1,11606,-8006,1.250000,0.000000,4500,yes
279,SELL,0.637968,21:07:23.336492518,no,-,-,-,-,0.100000,10.000000,0.718812,2,1,11617,-8017,1.250000,0.000000,4500,yes
280,SELL,2.328462,21:07:23.336492518,no,-,-,-,-,0.100000,10.000000,0.718812,2,1,11628,-8028,1.250000,0.000000,4500,yes
281,SELL,4.569132,21:07:23.336492518,no,-,-,-,-,0.100000,10.000000,0.718812,2,1,11639,-8039,1.250000,0.000000,4500,yes
282,SELL,1.808176,21:07:23.336492518,no,-,-,-,-,0.100000,10.000000,0.718812,2,1,11649,-8049,1.250000,0.000000,4500,yes
283,SELL,1.583811,21:07:23.336492518,no,-,-,-,-,0.100000,10.000000,0.718812,2,1,11660,-8060,1.250000,0.000000,4500,yes
284,SELL,0.265314,21:07:23.336492518,no,-,-,-,-,0.100000,10.000000,0.718812,2,1,11670,-8070,1.250000,0.000000,4500,yes
285,SELL,0.542389,21:07:23.336492518,no,-,-,-,-,0.100000,10.000000,0.718812,2,1,11681,-8081,1.250000,0.000000,4500,yes
286,SELL,-1.472729,21:07:23.336492518,no,-,-,-,-,0.100000,10.000000,0.718812,2,1,11692,-8092,1.250000,0.000000,4500,yes
287,SELL,-0.122035,21:07:23.336492518,no,-,-,-,-,0.100000,10.000000,0.718812,2,1,11702,-8102,1.250000,0.000000,4500,yes
288,SELL,-0.315725,21:07:23.336492518,no,-,-,-,-,0.100000,10.000000,0.718812,2,1,11712,-8112,1.250000,0.000000,4500,yes
289,SELL,1.054247,21:07:23.336492518,no,-,-,-,-,0.100000,10.000000,0.718812,2,1,11723,-8123,1.250000,0.000000,4500,yes
290,SELL,2.959199,21:07:23.336492518,no,-,-,-,-,0.100000,10.000000,0.718812,2,1,11733,-8133,1.250000,0.000000,4500,yes
291,SELL,1.743309,21:07:23.336492518,no,-,-,-,-,0.100000,10.000000,0.718812,2,1,11744,-8144,1.250000,0.000000,4500,yes
292,SELL,3.028605,21:07:23.336492518,no,-,-,-,-,0.100000,10.000000,0.718812,2,1,11755,-8155,1.250000,0.000000,4500,yes
293,SELL,0.205617,21:07:23.336492518,no,-,-,-,-,0.100000,10.000000,0.718812,2,1,11765,-8165,1.250000,0.000000,4500,yes
294,SELL,1.927767,21:07:23.336492518,no,-,-,-,-,0.100000,10.000000,0.718812,2,1,11777,-8177,1.250000,0.000000,4500,yes
295,SELL,0.996242,21:07:23.336492518,no,-,-,-,-,0.100000,10.000000,0.718812,2,1,11786,-8186,1.250000,0.000000,4500,yes
296,SELL,3.415404,21:07:23.336492518,no,-,-,-,-,0.100000,10.000000,0.718812,2,1,11797,-8197,1.250000,0.000000,4500,yes
297,SELL,4.232749,21:07:23.336492518,no,-,-,-,-,0.100000,10.000000,0.718812,2,1,11808,-8208,1.250000,0.000000,4500,yes
298,SELL,3.686014,21:07:23.336492518,no,-,-,-,-,0.100000,10.000000,0.718812,2,1,11819,-8219,1.250000,0.000000,4500,yes
299,SELL,2.970504,21:07:23.336492518,no,-,-,-,-,0.100000,10.000000,0.718812,2,1,11829,-8229,1.250000,0.000000,4500,yes
300,SELL,3.455077,21:07:23.336492518,no,-,-,-,-,0.100000,10.000000,0.718812,2,1,11839,-8239,1.250000,0.000000,4500,yes
301,SELL,2.189065,21:07:23.336492518,no,-,-,-,-,0.100000,10.000000,0.718812,2,1,11849,-8249,1.250000,0.000000,4500,yes
302,SELL,3.734809,21:07:23.336492518,no,-,-,-,-,0.100000,10.000000,0.718812,2,1,11861,-8261,1.250000,0.000000,4500,yes
303,SELL,3.987367,21:07:23.336492518,no,-,-,-,-,0.100000,10.000000,0.718812,2,1,11871,-8271,1.250000,0.000000,4500,yes
304,SELL,3.793310,21:07:23.336492518,no,-,-,-,-,0.100000,10.000000,0.718812,2,1,11932,-8332,1.250000,0.000000,4500,yes
305,SELL,3.195359,21:07:23.336492518,no,-,-,-,-,0.100000,10.000000,0.718812,2,1,11938,-8338,1.250000,0.000000,4500,yes
306,SELL,0.199446,21:07:23.336492518,no,-,-,-,-,0.100000,10.000000,0.718812,2,1,11944,-8344,1.250000,0.000000,4500,yes
307,SELL,0.069732,21:07:23.336492518,no,-,-,-,-,0.100000,10.000000,0.718812,2,1,11954,-8354,1.250000,0.000000,4500,yes
308,SELL,-1.200446,21:07:23.336492518,no,-,-,-,-,0.100000,10.000000,0.718812,2,1,11965,-8365,1.250000,0.000000,4500,yes
309,SELL,0.825843,21:07:23.336492518,no,-,-,-,-,0.100000,10.000000,0.718812,2,1,11975,-8375,1.250000,0.000000,4500,yes
310,SELL,1.188514,21:07:23.336492518,no,-,-,-,-,0.100000,10.000000,0.718812,2,1,11987,-8387,1.250000,0.000000,4500,yes
311,SELL,0.879060,21:07:23.336492518,no,-,-,-,-,0.100000,10.000000,0.718812,2,1,11996,-8396,1.250000,0.000000,4500,yes
312,SELL,-0.248805,21:07:23.336492518,no,-,-,-,-,0.100000,10.000000,0.718812,2,1,12007,-8407,1.250000,0.000000,4500,yes
313,SELL,-0.581686,21:07:23.336492518,no,-,-,-,-,0.100000,10.000000,0.718812,2,1,12019,-8419,1.250000,0.000000,4500,yes
314,SELL,-4.047535,21:07:23.336492518,no,-,-,-,-,0.100000,10.000000,0.718812,2,1,12028,-8428,1.250000,0.000000,4500,yes
315,SELL,-2.868353,21:07:23.336492518,no,-,-,-,-,0.100000,10.000000,0.718812,2,1,12039,-8439,1.250000,0.000000,4500,yes
316,SELL,1.153181,21:07:23.336492518,no,-,-,-,-,0.100000,10.000000,0.718812,2,1,12049,-8449,1.250000,0.000000,4500,yes
317,SELL,1.178262,21:07:23.336492518,no,-,-,-,-,0.100000,10.000000,0.718812,2,1,18250,-14650,1.250000,0.000000,4500,yes
318,SELL,1.487334,21:07:23.336492518,no,-,-,-,-,0.100000,10.000000,0.718812,2,1,18254,-14654,1.250000,0.000000,4500,yes
