轮数,方向,预测值,算法开始时间,是否下单,下单价格,档位,下单量,下单耗时(从预测到下单),r1,r2,std,freq,qty_scalar,经过时间,剩余时间,目标速度,实际速度,剩余量,是否为最后一轮
1,BUY,0.390062,21:07:23.338720851,no,-,-,-,-,0.909091,1.100000,0.584723,2,1,332,3268,6.250000,0.000000,22500,no
2,BUY,-0.206927,21:07:23.338720851,no,-,-,-,-,0.826446,1.210000,0.584723,2,1,337,3263,6.250000,0.000000,22500,no
3,BUY,1.375810,21:07:23.338720851,yes,8.000000,ask1,100,00:00:00.000043702,0.751315,1.331000,0.584723,2,1,342,3258,6.250000,0.292300,22400,no
4,BUY,0.363041,21:07:23.338720851,no,-,-,-,-,0.683013,1.464100,0.584723,2,1,347,3253,6.250000,0.288100,22400,no
5,BUY,1.487161,21:07:23.338720851,yes,7.990000,ask1,100,00:00:00.000034500,0.620921,1.610510,0.584723,2,1,352,3248,6.250000,0.284000,22400,no
6,BUY,2.320647,21:07:23.338720851,yes,7.990000,ask1,100,00:00:00.000035542,0.564474,1.771561,0.584723,2,1,358,3242,6.250000,0.558600,22300,no
7,BUY,2.312470,21:07:23.338720851,yes,7.990000,ask1,100,00:00:00.000036646,0.513158,1.948717,0.584723,2,1,361,3239,6.250000,0.831000,22200,no
8,BUY,1.089917,21:07:23.338720851,yes,8.000000,ask1,200,00:00:00.000036450,0.466507,2.143589,0.584723,2,1,365,3235,6.250000,1.643800,21900,no
9,BUY,1.706852,21:07:23.338720851,yes,7.990000,ask1,200,00:00:00.000035896,0.424098,2.357948,0.584723,2,1,370,3230,6.250000,2.162100,21700,no
10,BUY,1.194840,21:07:23.338720851,yes,7.990000,ask1,200,00:00:00.000036718,0.385543,2.593742,0.584723,2,1,374,3226,6.250000,2.673700,21500,no
11,BUY,0.635577,21:07:23.338720851,yes,8.000000,ask1,200,00:00:00.000041644,0.350494,2.853117,0.584723,2,1,380,3220,6.250000,3.157800,21300,no
12,BUY,0.801706,21:07:23.338720851,yes,8.000000,ask1,300,00:00:00.000035084,0.318631,3.138428,0.584723,2,1,384,3216,6.250000,3.125000,21300,no
13,BUY,0.697624,21:07:23.338720851,yes,7.990000,ask1,300,00:00:00.000036565,0.289664,3.452271,0.584723,2,1,391,3209,6.250000,4.603500,20700,no
14,BUY,1.263399,21:07:23.338720851,yes,7.990000,ask1,300,00:00:00.000035457,0.263331,3.797498,0.584723,2,1,396,3204,6.250000,5.303000,20400,no
15,BUY,0.821202,21:07:23.338720851,yes,8.000000,ask1,400,00:00:00.000036345,0.239392,4.177248,0.584723,2,1,401,3199,6.250000,5.236900,20400,no
16,BUY,1.177371,21:07:23.338720851,yes,8.000000,ask1,400,00:00:00.000049653,0.217629,4.594973,0.584723,2,1,406,3194,6.250000,6.157600,20000,no
17,BUY,0.873866,21:07:23.338720851,yes,8.000000,ask1,400,00:00:00.000036826,0.217629,4.594973,0.584723,2,1,410,3190,6.250000,8.048700,19200,no
18,BUY,1.232193,21:07:23.338720851,yes,8.000000,ask1,400,00:00:00.000036229,0.217629,4.594973,0.584723,2,1,413,3187,6.250000,7.990300,19200,no
19,BUY,0.981078,21:07:23.338720851,yes,8.000000,ask1,400,00:00:00.000034673,0.217629,4.594973,0.584723,2,1,418,3182,6.250000,8.851600,18800,no
20,BUY,0.486666,21:07:23.338720851,yes,8.000000,ask1,400,00:00:00.000036793,0.217629,4.594973,0.584723,2,1,422,3178,6.250000,10.663500,18000,no
21,BUY,0.027752,21:07:23.338720851,no,-,-,-,-,0.217629,4.594973,0.584723,2,1,427,3173,6.250000,10.538600,18000,no
22,BUY,0.601245,21:07:23.338720851,yes,8.000000,ask1,400,00:00:00.000035372,0.217629,4.594973,0.584723,2,1,431,3169,6.250000,11.368900,17600,no
23,BUY,0.773123,21:07:23.338720851,yes,8.000000,ask1,400,00:00:00.000035328,0.217629,4.594973,0.584723,2,1,437,3163,6.250000,12.128100,17200,no
24,BUY,0.132545,21:07:23.338720851,yes,8.000000,ask1,400,00:00:00.000038475,0.217629,4.594973,0.584723,2,1,443,3157,6.250000,12.866800,16800,no
25,BUY,-0.148833,21:07:23.338720851,no,-,-,-,-,0.239392,4.177248,0.584723,2,1,446,3154,6.250000,12.780200,16800,no
26,BUY,-0.053137,21:07:23.338720851,no,-,-,-,-,0.263331,3.797498,0.584723,2,1,450,3150,6.250000,12.666600,16800,no
27,BUY,-0.759210,21:07:23.338720851,no,-,-,-,-,0.263331,3.797498,0.584723,2,1,457,3143,6.250000,12.472600,16800,no
28,BUY,0.178624,21:07:23.338720851,yes,8.010000,ask1,300,00:00:00.000035847,0.263331,3.797498,0.584723,2,1,461,3139,6.250000,13.015100,16500,no
29,BUY,-0.041866,21:07:23.338720851,no,-,-,-,-,0.289664,3.452271,0.584723,2,1,465,3135,6.250000,12.903200,16500,no
30,BUY,-0.399449,21:07:23.338720851,no,-,-,-,-,0.318631,3.138428,0.584723,2,1,469,3131,6.250000,12.793100,16500,no
31,BUY,-0.283727,21:07:23.338720851,no,-,-,-,-,0.350494,2.853117,0.584723,2,1,474,3126,6.250000,12.658200,16500,no
32,BUY,-0.736590,21:07:23.338720851,no,-,-,-,-,0.385543,2.593742,0.584723,2,1,479,3121,6.250000,12.526000,16500,no
33,BUY,-0.817875,21:07:23.338720851,no,-,-,-,-,0.385543,2.593742,0.584723,2,1,485,3115,6.250000,12.371100,16500,no
34,BUY,-0.777986,21:07:23.338720851,no,-,-,-,-,0.385543,2.593742,0.584723,2,1,488,3112,6.250000,12.295000,16500,no
35,BUY,-1.038364,21:07:23.338720851,no,-,-,-,-,0.385543,2.593742,0.584723,2,1,493,3107,6.250000,12.170300,16500,no
36,BUY,-1.541891,21:07:23.338720851,no,-,-,-,-,0.385543,2.593742,0.584723,2,1,498,3102,6.250000,12.048100,16500,no
37,BUY,-0.994890,21:07:23.338720851,no,-,-,-,-,0.385543,2.593742,0.584723,2,1,503,3097,6.250000,11.928400,16500,no
38,BUY,-0.990564,21:07:23.338720851,no,-,-,-,-,0.385543,2.593742,0.584723,2,1,508,3092,6.250000,11.811000,16500,no
39,BUY,-0.978759,21:07:23.338720851,no,-,-,-,-,0.385543,2.593742,0.584723,2,1,512,3088,6.250000,11.718700,16500,no
40,BUY,-0.807523,21:07:23.338720851,no,-,-,-,-,0.385543,2.593742,0.584723,2,1,517,3083,6.250000,11.605400,16500,no
41,BUY,-1.011038,21:07:23.338720851,no,-,-,-,-,0.385543,2.593742,0.584723,2,1,523,3077,6.250000,11.472200,16500,no
42,BUY,-0.677086,21:07:23.338720851,no,-,-,-,-,0.385543,2.593742,0.584723,2,1,528,3072,6.250000,11.363600,16500,no
43,BUY,0.606000,21:07:23.338720851,yes,8.000000,ask1,200,00:00:00.000069938,0.385543,2.593742,0.584723,2,1,532,3068,6.250000,11.654100,16300,no
44,BUY,-0.104511,21:07:23.338720851,no,-,-,-,-,0.385543,2.593742,0.584723,2,1,537,3063,6.250000,11.545600,16300,no
45,BUY,-0.146438,21:07:23.338720851,no,-,-,-,-,0.385543,2.593742,0.584723,2,1,542,3058,6.250000,11.439100,16300,no
46,BUY,-0.887218,21:07:23.338720851,no,-,-,-,-,0.385543,2.593742,0.584723,2,1,546,3054,6.250000,11.355300,16300,no
47,BUY,-0.863496,21:07:23.338720851,no,-,-,-,-,0.385543,2.593742,0.584723,2,1,552,3048,6.250000,11.231800,16300,no
48,BUY,-0.569387,21:07:23.338720851,no,-,-,-,-,0.385543,2.593742,0.584723,2,1,556,3044,6.250000,11.151000,16300,no
49,BUY,-0.566318,21:07:23.338720851,no,-,-,-,-,0.385543,2.593742,0.584723,2,1,561,3039,6.250000,11.051600,16300,no
50,BUY,-1.479190,21:07:23.338720851,no,-,-,-,-,0.385543,2.593742,0.584723,2,1,567,3033,6.250000,10.934700,16300,no
51,BUY,-1.313896,21:07:23.338720851,no,-,-,-,-,0.385543,2.593742,0.584723,2,1,572,3028,6.250000,10.839100,16300,no
52,BUY,-1.386241,21:07:23.338720851,no,-,-,-,-,0.385543,2.593742,0.584723,2,1,577,3023,6.250000,10.745200,16300,no
53,BUY,-1.587402,21:07:23.338720851,no,-,-,-,-,0.385543,2.593742,0.584723,2,1,582,3018,6.250000,10.652900,16300,no
54,BUY,-1.855618,21:07:23.338720851,no,-,-,-,-,0.385543,2.593742,0.584723,2,1,586,3014,6.250000,10.580200,16300,no
55,BUY,-0.641397,21:07:23.338720851,no,-,-,-,-,0.385543,2.593742,0.584723,2,1,592,3008,6.250000,10.472900,16300,no
56,BUY,-0.152881,21:07:23.338720851,no,-,-,-,-,0.385543,2.593742,0.584723,2,1,597,3003,6.250000,10.385200,16300,no
57,BUY,-0.902804,21:07:23.338720851,no,-,-,-,-,0.385543,2.593742,0.584723,2,1,604,2996,6.250000,10.264900,16300,no
58,BUY,-0.629184,21:07:23.338720851,no,-,-,-,-,0.385543,2.593742,0.584723,2,1,608,2992,6.250000,10.197300,16300,no
59,BUY,-0.655678,21:07:23.338720851,no,-,-,-,-,0.385543,2.593742,0.584723,2,1,613,2987,6.250000,10.114100,16300,no
60,BUY,0.362646,21:07:23.338720851,yes,8.000000,ask1,200,00:00:00.000038550,0.385543,2.593742,0.584723,2,1,619,2981,6.250000,10.339200,16100,no
61,BUY,-0.428355,21:07:23.338720851,no,-,-,-,-,0.385543,2.593742,0.584723,2,1,623,2977,6.250000,10.272800,16100,no
62,BUY,-0.598995,21:07:23.338720851,no,-,-,-,-,0.385543,2.593742,0.584723,2,1,628,2972,6.250000,10.191000,16100,no
63,BUY,-0.759631,21:07:23.338720851,no,-,-,-,-,0.385543,2.593742,0.584723,2,1,636,2964,6.250000,10.062800,16100,no
64,BUY,-1.099746,21:07:23.338720851,no,-,-,-,-,0.385543,2.593742,0.584723,2,1,640,2960,6.250000,10.000000,16100,no
65,BUY,-0.767765,21:07:23.338720851,no,-,-,-,-,0.385543,2.593742,0.584723,2,1,643,2957,6.250000,9.953300,16100,no
66,BUY,-0.250947,21:07:23.338720851,no,-,-,-,-,0.385543,2.593742,0.584723,2,1,647,2953,6.250000,9.891800,16100,no
67,BUY,-0.360174,21:07:23.338720851,no,-,-,-,-,0.385543,2.593742,0.584723,2,1,652,2948,6.250000,9.815900,16100,no
68,BUY,-0.367893,21:07:23.338720851,no,-,-,-,-,0.385543,2.593742,0.584723,2,1,657,2943,6.250000,9.741200,16100,no
69,BUY,-0.092182,21:07:23.338720851,no,-,-,-,-,0.385543,2.593742,0.584723,2,1,663,2937,6.250000,9.653000,16100,no
70,BUY,-0.114492,21:07:23.338720851,no,-,-,-,-,0.385543,2.593742,0.584723,2,1,669,2931,6.250000,9.566500,16100,no
71,BUY,-1.237040,21:07:23.338720851,no,-,-,-,-,0.385543,2.593742,0.584723,2,1,673,2927,6.250000,9.509600,16100,no
72,BUY,-0.959225,21:07:23.338720851,no,-,-,-,-,0.385543,2.593742,0.584723,2,1,679,2921,6.250000,9.425600,16100,no
73,BUY,-0.892997,21:07:23.338720851,no,-,-,-,-,0.385543,2.593742,0.584723,2,1,682,2918,6.250000,9.384100,16100,no
74,BUY,-0.844809,21:07:23.338720851,no,-,-,-,-,0.385543,2.593742,0.584723,2,1,687,2913,6.250000,9.315800,16100,no
75,BUY,-1.089647,21:07:23.338720851,no,-,-,-,-,0.385543,2.593742,0.584723,2,1,692,2908,6.250000,9.248500,16100,no
76,BUY,-1.628727,21:07:23.338720851,no,-,-,-,-,0.385543,2.593742,0.584723,2,1,700,2900,6.250000,9.142800,16100,no
77,BUY,-1.685534,21:07:23.338720851,no,-,-,-,-,0.385543,2.593742,0.584723,2,1,705,2895,6.250000,9.078000,16100,no
78,BUY,-2.162652,21:07:23.338720851,no,-,-,-,-,0.385543,2.593742,0.584723,2,1,711,2889,6.250000,9.001400,16100,no
79,BUY,-1.712752,21:07:23.338720851,no,-,-,-,-,0.385543,2.593742,0.584723,2,1,715,2885,6.250000,8.951000,16100,no
80,BUY,-1.330966,21:07:23.338720851,no,-,-,-,-,0.385543,2.593742,0.584723,2,1,720,2880,6.250000,8.888800,16100,no
81,BUY,-2.395702,21:07:23.338720851,no,-,-,-,-,0.385543,2.593742,0.584723,2,1,724,2876,6.250000,8.839700,16100,no
82,BUY,-1.406929,21:07:23.338720851,no,-,-,-,-,0.385543,2.593742,0.584723,2,1,729,2871,6.250000,8.779100,16100,no
83,BUY,-1.268585,21:07:23.338720851,no,-,-,-,-,0.385543,2.593742,0.584723,2,1,735,2865,6.250000,8.707400,16100,no
84,BUY,-1.425511,21:07:23.338720851,no,-,-,-,-,0.385543,2.593742,0.584723,2,1,740,2860,6.250000,8.648600,16100,no
85,BUY,-0.684437,21:07:23.338720851,no,-,-,-,-,0.385543,2.593742,0.584723,2,1,745,2855,6.250000,8.590600,16100,no
86,BUY,-0.654296,21:07:23.338720851,no,-,-,-,-,0.385543,2.593742,0.584723,2,1,750,2850,6.250000,8.533300,16100,no
87,BUY,-0.850005,21:07:23.338720851,no,-,-,-,-,0.385543,2.593742,0.584723,2,1,755,2845,6.250000,8.476800,16100,no
88,BUY,-0.984923,21:07:23.338720851,no,-,-,-,-,0.385543,2.593742,0.584723,2,1,759,2841,6.250000,8.432100,16100,no
89,BUY,-0.948585,21:07:23.338720851,no,-,-,-,-,0.385543,2.593742,0.584723,2,1,765,2835,6.250000,8.366000,16100,no
90,BUY,-1.402097,21:07:23.338720851,no,-,-,-,-,0.385543,2.593742,0.584723,2,1,768,2832,6.250000,8.333300,16100,no
91,BUY,-1.229475,21:07:23.338720851,no,-,-,-,-,0.385543,2.593742,0.584723,2,1,773,2827,6.250000,8.279400,16100,no
92,BUY,-0.903491,21:07:23.338720851,no,-,-,-,-,0.385543,2.593742,0.584723,2,1,779,2821,6.250000,8.215600,16100,no
93,BUY,-1.497073,21:07:23.338720851,no,-,-,-,-,0.385543,2.593742,0.584723,2,1,784,2816,6.250000,8.163200,16100,no
94,BUY,-1.385522,21:07:23.338720851,no,-,-,-,-,0.385543,2.593742,0.584723,2,1,789,2811,6.250000,8.111500,16100,no
95,BUY,-1.635025,21:07:23.338720851,no,-,-,-,-,0.385543,2.593742,0.584723,2,1,793,2807,6.250000,8.070600,16100,no
96,BUY,-1.746361,21:07:23.338720851,no,-,-,-,-,0.385543,2.593742,0.584723,2,1,798,2802,6.250000,8.020000,16100,no
97,BUY,-1.714621,21:07:23.338720851,no,-,-,-,-,0.385543,2.593742,0.584723,2,1,803,2797,6.250000,7.970100,16100,no
98,BUY,-0.757963,21:07:23.338720851,no,-,-,-,-,0.385543,2.593742,0.584723,2,1,809,2791,6.250000,7.911000,16100,no
99,BUY,-0.878930,21:07:23.338720851,no,-,-,-,-,0.385543,2.593742,0.584723,2,1,813,2787,6.250000,7.872000,16100,no
100,BUY,-0.328950,21:07:23.338720851,no,-,-,-,-,0.385543,2.593742,0.584723,2,1,819,2781,6.250000,7.814400,16100,no
101,BUY,-0.512327,21:07:23.338720851,no,-,-,-,-,0.385543,2.593742,0.584723,2,1,823,2777,6.250000,7.776400,16100,no
102,BUY,-0.465600,21:07:23.338720851,no,-,-,-,-,0.385543,2.593742,0.584723,2,1,826,2774,6.250000,7.748100,16100,no
103,BUY,-1.765775,21:07:23.338720851,no,-,-,-,-,0.385543,2.593742,0.584723,2,1,832,2768,6.250000,7.692300,16100,no
104,BUY,-0.594562,21:07:23.338720851,no,-,-,-,-,0.385543,2.593742,0.584723,2,1,836,2764,6.250000,7.655500,16100,no
105,BUY,-0.745236,21:07:23.338720851,no,-,-,-,-,0.385543,2.593742,0.584723,2,1,841,2759,6.250000,7.609900,16100,no
106,BUY,-0.597590,21:07:23.338720851,no,-,-,-,-,0.385543,2.593742,0.584723,2,1,847,2753,6.250000,7.556000,16100,no
107,BUY,0.090467,21:07:23.338720851,no,-,-,-,-,0.385543,2.593742,0.584723,2,1,850,2750,6.250000,7.529400,16100,no
108,BUY,-0.011567,21:07:23.338720851,no,-,-,-,-,0.385543,2.593742,0.584723,2,1,857,2743,6.250000,7.467900,16100,no
109,BUY,-0.221879,21:07:23.338720851,no,-,-,-,-,0.385543,2.593742,0.584723,2,1,862,2738,6.250000,7.424500,16100,no
110,BUY,-1.015034,21:07:23.338720851,no,-,-,-,-,0.385543,2.593742,0.584723,2,1,865,2735,6.250000,7.398800,16100,no
111,BUY,-0.262331,21:07:23.338720851,no,-,-,-,-,0.385543,2.593742,0.584723,2,1,869,2731,6.250000,7.364700,16100,no
112,BUY,0.310596,21:07:23.338720851,yes,8.000000,ask1,200,00:00:00.000035285,0.385543,2.593742,0.584723,2,1,875,2725,6.250000,7.542800,15900,no
113,BUY,0.090445,21:07:23.338720851,no,-,-,-,-,0.385543,2.593742,0.584723,2,1,879,2721,6.250000,7.508500,15900,no
114,BUY,-0.628957,21:07:23.338720851,no,-,-,-,-,0.385543,2.593742,0.584723,2,1,884,2716,6.250000,7.466000,15900,no
115,BUY,0.274898,21:07:23.338720851,yes,8.000000,ask1,200,00:00:00.000037376,0.385543,2.593742,0.584723,2,1,890,2710,6.250000,7.640400,15700,no
116,BUY,-0.024072,21:07:23.338720851,no,-,-,-,-,0.385543,2.593742,0.584723,2,1,896,2704,6.250000,7.589200,15700,no
117,BUY,-0.195805,21:07:23.338720851,no,-,-,-,-,0.385543,2.593742,0.584723,2,1,901,2699,6.250000,7.547100,15700,no
118,BUY,-0.314695,21:07:23.338720851,no,-,-,-,-,0.385543,2.593742,0.584723,2,1,906,2694,6.250000,7.505500,15700,no
119,BUY,-0.452198,21:07:23.338720851,no,-,-,-,-,0.385543,2.593742,0.584723,2,1,909,2691,6.250000,7.480700,15700,no
120,BUY,-0.908664,21:07:23.338720851,no,-,-,-,-,0.350494,2.853117,0.584723,2,1,1188,2412,6.250000,5.723900,15700,no
121,BUY,-1.301348,21:07:23.338720851,no,-,-,-,-,0.318631,3.138428,0.584723,2,1,1193,2407,6.250000,5.699900,15700,no
122,BUY,-1.574382,21:07:23.338720851,no,-,-,-,-,0.289664,3.452271,0.584723,2,1,1198,2402,6.250000,5.676100,15700,no
123,BUY,-1.081707,21:07:23.338720851,no,-,-,-,-,0.263331,3.797498,0.584723,2,1,1205,2395,6.250000,5.643100,15700,no
124,BUY,-1.217713,21:07:23.338720851,no,-,-,-,-,0.239392,4.177248,0.584723,2,1,1210,2390,6.250000,5.619800,15700,no
125,BUY,-1.393257,21:07:23.338720851,no,-,-,-,-,0.217629,4.594973,0.584723,2,1,1218,2382,6.250000,5.582900,15700,no
126,BUY,-1.562815,21:07:23.338720851,no,-,-,-,-,0.197845,5.054470,0.584723,2,1,1224,2376,6.250000,5.555500,15700,no
127,BUY,-0.919265,21:07:23.338720851,no,-,-,-,-,0.179859,5.559917,0.584723,2,1,1229,2371,6.250000,5.532900,15700,no
128,BUY,-1.199050,21:07:23.338720851,no,-,-,-,-,0.163508,6.115909,0.584723,2,1,1234,2366,6.250000,5.510500,15700,no
129,BUY,-1.169262,21:07:23.338720851,no,-,-,-,-,0.148644,6.727500,0.584723,2,1,1239,2361,6.250000,5.488200,15700,no
130,BUY,-1.289201,21:07:23.338720851,no,-,-,-,-,0.135131,7.400250,0.584723,2,1,1246,2354,6.250000,5.457400,15700,no
131,BUY,-1.135569,21:07:23.338720851,no,-,-,-,-,0.122846,8.140275,0.584723,2,1,1251,2349,6.250000,5.435600,15700,no
132,BUY,-0.587661,21:07:23.338720851,no,-,-,-,-,0.111678,8.954302,0.584723,2,1,1257,2343,6.250000,5.409700,15700,no
133,BUY,-0.759628,21:07:23.338720851,no,-,-,-,-,0.101526,9.849733,0.584723,2,1,1263,2337,6.250000,5.384000,15700,no
134,BUY,-0.715735,21:07:23.338720851,no,-,-,-,-,0.100000,10.000000,0.584723,2,1,1269,2331,6.250000,5.358500,15700,no
135,BUY,-0.816318,21:07:23.338720851,no,-,-,-,-,0.100000,10.000000,0.584723,2,1,1273,2327,6.250000,5.341700,15700,no
136,BUY,-0.275604,21:07:23.338720851,no,-,-,-,-,0.100000,10.000000,0.584723,2,1,1279,2321,6.250000,5.316600,15700,no
137,BUY,-1.063992,21:07:23.338720851,no,-,-,-,-,0.100000,10.000000,0.584723,2,1,1286,2314,6.250000,5.287700,15700,no
138,BUY,-1.264725,21:07:23.338720851,no,-,-,-,-,0.100000,10.000000,0.584723,2,1,1294,2306,6.250000,5.255000,15700,no
139,BUY,-0.553771,21:07:23.338720851,no,-,-,-,-,0.100000,10.000000,0.584723,2,1,1299,2301,6.250000,5.234700,15700,no
140,BUY,-0.993857,21:07:23.338720851,no,-,-,-,-,0.100000,10.000000,0.584723,2,1,1305,2295,6.250000,5.210700,15700,no
141,BUY,-0.664899,21:07:23.338720851,no,-,-,-,-,0.100000,10.000000,0.584723,2,1,1312,2288,6.250000,5.182900,15700,no
142,BUY,-0.856464,21:07:23.338720851,no,-,-,-,-,0.100000,10.000000,0.584723,2,1,1316,2284,6.250000,5.167100,15700,no
143,BUY,-0.715493,21:07:23.338720851,no,-,-,-,-,0.100000,10.000000,0.584723,2,1,1323,2277,6.250000,5.139800,15700,no
144,BUY,-0.431756,21:07:23.338720851,no,-,-,-,-,0.100000,10.000000,0.584723,2,1,1329,2271,6.250000,5.116600,15700,no
145,BUY,-0.469869,21:07:23.338720851,no,-,-,-,-,0.100000,10.000000,0.584723,2,1,1337,2263,6.250000,5.086000,15700,no
146,BUY,-0.192451,21:07:23.338720851,no,-,-,-,-,0.100000,10.000000,0.584723,2,1,1341,2259,6.250000,5.070800,15700,no
147,BUY,-0.500557,21:07:23.338720851,no,-,-,-,-,0.100000,10.000000,0.584723,2,1,1345,2255,6.250000,5.055700,15700,no
148,BUY,-0.318176,21:07:23.338720851,no,-,-,-,-,0.100000,10.000000,0.584723,2,1,1350,2250,6.250000,5.037000,15700,no
149,BUY,-0.794183,21:07:23.338720851,no,-,-,-,-,0.100000,10.000000,0.584723,2,1,1355,2245,6.250000,5.018400,15700,no
150,BUY,-1.230833,21:07:23.338720851,no,-,-,-,-,0.100000,10.000000,0.584723,2,1,1361,2239,6.250000,4.996300,15700,no
151,BUY,-0.924244,21:07:23.338720851,no,-,-,-,-,0.100000,10.000000,0.584723,2,1,1364,2236,6.250000,4.985300,15700,no
152,BUY,0.301521,21:07:23.338720851,yes,7.990000,ask1,1000,00:00:00.000036357,0.100000,10.000000,0.584723,2,1,1371,2229,6.250000,4.959800,15700,no
153,BUY,-0.034273,21:07:23.338720851,no,-,-,-,-,0.100000,10.000000,0.584723,2,1,1377,2223,6.250000,4.938200,15700,no
154,BUY,0.096446,21:07:23.338720851,yes,7.990000,ask1,1000,00:00:00.000035006,0.100000,10.000000,0.584723,2,1,1382,2218,6.250000,4.920400,15700,no
155,BUY,0.003385,21:07:23.338720851,no,-,-,-,-,0.100000,10.000000,0.584723,2,1,1387,2213,6.250000,4.902600,15700,no
156,BUY,-0.112536,21:07:23.338720851,no,-,-,-,-,0.100000,10.000000,0.584723,2,1,1391,2209,6.250000,4.888500,15700,no
157,BUY,-0.199353,21:07:23.338720851,no,-,-,-,-,0.100000,10.000000,0.584723,2,1,1396,2204,6.250000,4.871000,15700,no
158,BUY,-0.408918,21:07:23.338720851,no,-,-,-,-,0.100000,10.000000,0.584723,2,1,1401,2199,6.250000,4.853600,15700,no
159,BUY,-0.791500,21:07:23.338720851,no,-,-,-,-,0.100000,10.000000,0.584723,2,1,1407,2193,6.250000,4.832900,15700,no
160,BUY,-0.642876,21:07:23.338720851,no,-,-,-,-,0.100000,10.000000,0.584723,2,1,1410,2190,6.250000,4.822600,15700,no
161,BUY,-0.898835,21:07:23.338720851,no,-,-,-,-,0.100000,10.000000,0.584723,2,1,1415,2185,6.250000,4.805600,15700,no
162,BUY,-0.859578,21:07:23.338720851,no,-,-,-,-,0.100000,10.000000,0.584723,2,1,1417,2183,6.250000,4.798800,15700,no
163,BUY,-0.756837,21:07:23.338720851,no,-,-,-,-,0.100000,10.000000,0.584723,2,1,1420,2180,6.250000,4.788700,15700,no
164,BUY,-1.021856,21:07:23.338720851,no,-,-,-,-,0.100000,10.000000,0.584723,2,1,1424,2176,6.250000,4.775200,15700,no
165,BUY,-0.738666,21:07:23.338720851,no,-,-,-,-,0.100000,10.000000,0.584723,2,1,1427,2173,6.250000,4.765200,15700,no
166,BUY,-0.577742,21:07:23.338720851,no,-,-,-,-,0.100000,10.000000,0.584723,2,1,1433,2167,6.250000,4.745200,15700,no
167,BUY,-0.812478,21:07:23.338720851,no,-,-,-,-,0.100000,10.000000,0.584723,2,1,1438,2162,6.250000,4.728700,15700,no
168,BUY,-0.803961,21:07:23.338720851,no,-,-,-,-,0.100000,10.000000,0.584723,2,1,1445,2155,6.250000,4.705800,15700,no
169,BUY,-0.835532,21:07:23.338720851,no,-,-,-,-,0.100000,10.000000,0.584723,2,1,1450,2150,6.250000,4.689600,15700,no
170,BUY,-0.779738,21:07:23.338720851,no,-,-,-,-,0.100000,10.000000,0.584723,2,1,1453,2147,6.250000,4.679900,15700,no
171,BUY,-0.839618,21:07:23.338720851,no,-,-,-,-,0.100000,10.000000,0.584723,2,1,1457,2143,6.250000,4.667100,15700,no
172,BUY,-0.993767,21:07:23.338720851,no,-,-,-,-,0.100000,10.000000,0.584723,2,1,1464,2136,6.250000,4.644800,15700,no
173,BUY,-1.150245,21:07:23.338720851,no,-,-,-,-,0.100000,10.000000,0.584723,2,1,1467,2133,6.250000,4.635300,15700,no
174,BUY,0.156357,21:07:23.338720851,yes,7.980000,ask1,1000,00:00:00.000035699,0.100000,10.000000,0.584723,2,1,1472,2128,6.250000,4.619500,15700,no
175,BUY,-0.450560,21:07:23.338720851,no,-,-,-,-,0.100000,10.000000,0.584723,2,1,1477,2123,6.250000,4.603900,15700,no
176,BUY,0.525954,21:07:23.338720851,yes,7.980000,ask1,1000,00:00:00.000037115,0.100000,10.000000,0.584723,2,1,1481,2119,6.250000,4.591400,15700,no
177,BUY,0.381467,21:07:23.338720851,yes,7.980000,ask1,1000,00:00:00.000060223,0.100000,10.000000,0.584723,2,1,1485,2115,6.250000,4.579100,15700,no
178,BUY,0.491971,21:07:23.338720851,yes,7.980000,ask1,1000,00:00:00.000036698,0.100000,10.000000,0.584723,2,1,1490,2110,6.250000,4.563700,15700,no
179,BUY,0.570242,21:07:23.338720851,yes,7.980000,ask1,1000,00:00:00.000037011,0.100000,10.000000,0.584723,2,1,1498,2102,6.250000,4.539300,15700,no
180,BUY,0.575400,21:07:23.338720851,yes,7.980000,ask1,1000,00:00:00.000042657,0.100000,10.000000,0.584723,2,1,1503,2097,6.250000,4.524200,15700,no
181,BUY,-0.074731,21:07:23.338720851,no,-,-,-,-,0.100000,10.000000,0.584723,2,1,1507,2093,6.250000,4.512200,15700,no
182,BUY,-0.054749,21:07:23.338720851,no,-,-,-,-,0.100000,10.000000,0.584723,2,1,1514,2086,6.250000,4.491400,15700,no
183,BUY,-0.200441,21:07:23.338720851,no,-,-,-,-,0.100000,10.000000,0.584723,2,1,1519,2081,6.250000,4.476600,15700,no
184,BUY,-0.394436,21:07:23.338720851,no,-,-,-,-,0.100000,10.000000,0.584723,2,1,1523,2077,6.250000,4.464800,15700,no
185,BUY,-0.512104,21:07:23.338720851,no,-,-,-,-,0.100000,10.000000,0.584723,2,1,1527,2073,6.250000,4.453100,15700,no
186,BUY,-0.493874,21:07:23.338720851,no,-,-,-,-,0.100000,10.000000,0.584723,2,1,1532,2068,6.250000,4.438600,15700,no
187,BUY,-1.149725,21:07:23.338720851,no,-,-,-,-,0.100000,10.000000,0.584723,2,1,1539,2061,6.250000,4.418400,15700,no
188,BUY,-1.258313,21:07:23.338720851,no,-,-,-,-,0.100000,10.000000,0.584723,2,1,1545,2055,6.250000,4.401200,15700,no
189,BUY,-0.181324,21:07:23.338720851,no,-,-,-,-,0.100000,10.000000,0.584723,2,1,1548,2052,6.250000,4.392700,15700,no
190,BUY,-0.126542,21:07:23.338720851,no,-,-,-,-,0.100000,10.000000,0.584723,2,1,1551,2049,6.250000,4.384200,15700,no
191,BUY,-0.371642,21:07:23.338720851,no,-,-,-,-,0.100000,10.000000,0.584723,2,1,1555,2045,6.250000,4.372900,15700,no
192,BUY,-0.430929,21:07:23.338720851,no,-,-,-,-,0.100000,10.000000,0.584723,2,1,1561,2039,6.250000,4.356100,15700,no
193,BUY,-0.746678,21:07:23.338720851,no,-,-,-,-,0.100000,10.000000,0.584723,2,1,1567,2033,6.250000,4.339500,15700,no
194,BUY,-0.685029,21:07:23.338720851,no,-,-,-,-,0.100000,10.000000,0.584723,2,1,1571,2029,6.250000,4.328400,15700,no
195,BUY,-0.645882,21:07:23.338720851,no,-,-,-,-,0.100000,10.000000,0.584723,2,1,1576,2024,6.250000,4.314700,15700,no
196,BUY,-0.458878,21:07:23.338720851,no,-,-,-,-,0.100000,10.000000,0.584723,2,1,1582,2018,6.250000,4.298300,15700,no
197,BUY,0.580878,21:07:23.338720851,yes,7.970000,ask1,1000,00:00:00.000036867,0.100000,10.000000,0.584723,2,1,1586,2014,6.250000,4.287500,15700,no
198,BUY,-0.462891,21:07:23.338720851,no,-,-,-,-,0.100000,10.000000,0.584723,2,1,1591,2009,6.250000,4.274000,15700,no
199,BUY,-0.555281,21:07:23.338720851,no,-,-,-,-,0.100000,10.000000,0.584723,2,1,1597,2003,6.250000,4.257900,15700,no
200,BUY,-0.676569,21:07:23.338720851,no,-,-,-,-,0.100000,10.000000,0.584723,2,1,1601,1999,6.250000,4.247300,15700,no
201,BUY,-0.002664,21:07:23.338720851,no,-,-,-,-,0.100000,10.000000,0.584723,2,1,1605,1995,6.250000,4.236700,15700,no
202,BUY,-0.971353,21:07:23.338720851,no,-,-,-,-,0.100000,10.000000,0.584723,2,1,1609,1991,6.250000,4.226200,15700,no
203,BUY,-0.951659,21:07:23.338720851,no,-,-,-,-,0.100000,10.000000,0.584723,2,1,1615,1985,6.250000,4.210500,15700,no
204,BUY,-0.503057,21:07:23.338720851,no,-,-,-,-,0.100000,10.000000,0.584723,2,1,1619,1981,6.250000,4.200100,15700,no
205,BUY,-0.683682,21:07:23.338720851,no,-,-,-,-,0.100000,10.000000,0.584723,2,1,1623,1977,6.250000,4.189700,15700,no
206,BUY,-0.918982,21:07:23.338720851,no,-,-,-,-,0.100000,10.000000,0.584723,2,1,1629,1971,6.250000,4.174300,15700,no
207,BUY,-1.353259,21:07:23.338720851,no,-,-,-,-,0.100000,10.000000,0.584723,2,1,1636,1964,6.250000,4.156400,15700,no
208,BUY,-1.247611,21:07:23.338720851,no,-,-,-,-,0.100000,10.000000,0.584723,2,1,1640,1960,6.250000,4.146300,15700,no
209,BUY,-1.190103,21:07:23.338720851,no,-,-,-,-,0.100000,10.000000,0.584723,2,1,1644,1956,6.250000,4.136200,15700,no
210,BUY,-1.058592,21:07:23.338720851,no,-,-,-,-,0.100000,10.000000,0.584723,2,1,1647,1953,6.250000,4.128700,15700,no
211,BUY,-1.496415,21:07:23.338720851,no,-,-,-,-,0.100000,10.000000,0.584723,2,1,1651,1949,6.250000,4.118700,15700,no
212,BUY,-0.949239,21:07:23.338720851,no,-,-,-,-,0.100000,10.000000,0.584723,2,1,1656,1944,6.250000,4.106200,15700,no
213,BUY,-0.815440,21:07:23.338720851,no,-,-,-,-,0.100000,10.000000,0.584723,2,1,1660,1940,6.250000,4.096300,15700,no
214,BUY,-0.856553,21:07:23.338720851,no,-,-,-,-,0.100000,10.000000,0.584723,2,1,1664,1936,6.250000,4.086500,15700,no
215,BUY,-0.499183,21:07:23.338720851,no,-,-,-,-,0.100000,10.000000,0.584723,2,1,1668,1932,6.250000,4.076700,15700,no
216,BUY,-0.268015,21:07:23.338720851,no,-,-,-,-,0.100000,10.000000,0.584723,2,1,1672,1928,6.250000,4.066900,15700,no
217,BUY,0.327174,21:07:23.338720851,yes,7.890000,ask1,15700,00:00:00.000026279,0.100000,10.000000,0.584723,2,1,4933,-1333,6.250000,1.378400,15700,yes
218,BUY,-1.002030,21:07:23.338720851,yes,7.890000,bid1,15700,00:00:00.000023676,0.100000,10.000000,0.584723,2,1,4938,-1338,6.250000,1.377000,15700,yes
219,BUY,-0.126093,21:07:23.338720851,yes,7.880000,bid1,15700,00:00:00.000026570,0.100000,10.000000,0.584723,2,1,4945,-1345,6.250000,1.375100,15700,yes
220,BUY,-0.636062,21:07:23.338720851,yes,7.880000,bid1,15700,00:00:00.000025575,0.100000,10.000000,0.584723,2,1,4951,-1351,6.250000,1.373400,15700,yes
221,BUY,-0.391871,21:07:23.338720851,yes,7.880000,bid1,15700,00:00:00.000026613,0.100000,10.000000,0.584723,2,1,4958,-1358,6.250000,1.371500,15700,yes
222,BUY,-0.977224,21:07:23.338720851,yes,7.880000,bid1,15700,00:00:00.000025599,0.100000,10.000000,0.584723,2,1,4963,-1363,6.250000,1.370100,15700,yes
223,BUY,-1.420375,21:07:23.338720851,yes,7.880000,bid1,15700,00:00:00.000023993,0.100000,10.000000,0.584723,2,1,4969,-1369,6.250000,1.368400,15700,yes
224,BUY,-0.718782,21:07:23.338720851,yes,7.880000,bid1,15700,00:00:00.000024361,0.100000,10.000000,0.584723,2,1,4976,-1376,6.250000,1.366500,15700,yes
225,BUY,-0.020302,21:07:23.338720851,yes,7.880000,bid1,15700,00:00:00.000024789,0.100000,10.000000,0.584723,2,1,4982,-1382,6.250000,1.364900,15700,yes
226,BUY,1.055521,21:07:23.338720851,yes,7.880000,ask1,15700,00:00:00.000022756,0.100000,10.000000,0.584723,2,1,4988,-1388,6.250000,1.363200,15700,yes
227,BUY,0.277436,21:07:23.338720851,yes,7.890000,ask1,15700,00:00:00.000025950,0.100000,10.000000,0.584723,2,1,4995,-1395,6.250000,1.361300,15700,yes
228,BUY,0.005318,21:07:23.338720851,yes,7.890000,bid1,15700,00:00:00.000024168,0.100000,10.000000,0.584723,2,1,5002,-1402,6.250000,1.359400,15700,yes
229,BUY,0.634584,21:07:23.338720851,yes,7.900000,ask1,15700,00:00:00.000024837,0.100000,10.000000,0.584723,2,1,5007,-1407,6.250000,1.358000,15700,yes
230,BUY,0.507080,21:07:23.338720851,yes,7.900000,ask1,15700,00:00:00.000024597,0.100000,10.000000,0.584723,2,1,5014,-1414,6.250000,1.356200,15700,yes
231,BUY,0.479152,21:07:23.338720851,yes,7.890000,ask1,15700,00:00:00.000024414,0.100000,10.000000,0.584723,2,1,5018,-1418,6.250000,1.355100,15700,yes
232,BUY,0.970898,21:07:23.338720851,yes,7.890000,ask1,15700,00:00:00.000025801,0.100000,10.000000,0.584723,2,1,5024,-1424,6.250000,1.353500,15700,yes
233,BUY,2.194093,21:07:23.338720851,yes,7.890000,ask1,15700,00:00:00.000024043,0.100000,10.000000,0.584723,2,1,5029,-1429,6.250000,1.352100,15700,yes
234,BUY,1.429524,21:07:23.338720851,yes,7.890000,ask1,15700,00:00:00.000025748,0.100000,10.000000,0.584723,2,1,5034,-1434,6.250000,1.350800,15700,yes
235,BUY,0.892235,21:07:23.338720851,yes,7.890000,ask1,15700,00:00:00.000048931,0.100000,10.000000,0.584723,2,1,5038,-1438,6.250000,1.349700,15700,yes
236,BUY,2.656796,21:07:23.338720851,yes,7.880000,ask1,15700,00:00:00.000025197,0.100000,10.000000,0.584723,2,1,5044,-1444,6.250000,1.348100,15700,yes
237,BUY,1.480258,21:07:23.338720851,yes,7.890000,ask1,15700,00:00:00.000024440,0.100000,10.000000,0.584723,2,1,5052,-1452,6.250000,1.346000,15700,yes
238,BUY,1.788986,21:07:23.338720851,yes,7.890000,ask1,15700,00:00:00.000025591,0.100000,10.000000,0.584723,2,1,5056,-1456,6.250000,1.344900,15700,yes
239,BUY,0.746186,21:07:23.338720851,yes,7.890000,ask1,15700,00:00:00.000025276,0.100000,10.000000,0.584723,2,1,5061,-1461,6.250000,1.343600,15700,yes
240,BUY,-0.049066,21:07:23.338720851,yes,7.880000,bid1,15700,00:00:00.000025513,0.100000,10.000000,0.584723,2,1,5067,-1467,6.250000,1.342000,15700,yes
241,BUY,0.087077,21:07:23.338720851,yes,7.890000,ask1,15700,00:00:00.000024580,0.100000,10.000000,0.584723,2,1,5071,-1471,6.250000,1.340900,15700,yes
242,BUY,0.123341,21:07:23.338720851,yes,7.890000,ask1,15700,00:00:00.000028262,0.100000,10.000000,0.584723,2,1,5074,-1474,6.250000,2.680300,8900,yes
