轮数,方向,预测值,算法开始时间,是否下单,下单价格,档位,下单量,下单耗时(从预测到下单),r1,r2,std,freq,qty_scalar,经过时间,剩余时间,目标速度,实际速度,剩余量,是否为最后一轮
1,BUY,0.617869,21:07:23.338874221,yes,17.680000,ask1,100,00:00:00.000044779,0.909091,1.100000,0.580864,2,1,334,3266,1.250000,0.299400,4400,no
2,BUY,0.487619,21:07:23.338874221,yes,17.680000,ask1,100,00:00:00.000035548,0.826446,1.210000,0.580864,2,1,338,3262,1.250000,0.591700,4300,no
3,BUY,0.694310,21:07:23.338874221,yes,17.680000,ask1,100,00:00:00.000035581,0.751315,1.331000,0.580864,2,1,343,3257,1.250000,0.874600,4200,no
4,BUY,0.809692,21:07:23.338874221,yes,17.680000,ask1,100,00:00:00.000035271,0.683013,1.464100,0.580864,2,1,348,3252,1.250000,1.149400,4100,no
5,BUY,0.610156,21:07:23.338874221,yes,17.680000,ask1,100,00:00:00.000038012,0.620921,1.610510,0.580864,2,1,353,3247,1.250000,1.133100,4100,no
6,BUY,0.376982,21:07:23.338874221,yes,17.680000,ask1,100,00:00:00.000034177,0.620921,1.610510,0.580864,2,1,359,3241,1.250000,1.671300,3900,no
7,BUY,0.773799,21:07:23.338874221,yes,17.680000,ask1,100,00:00:00.000042631,0.620921,1.610510,0.580864,2,1,362,3238,1.250000,1.657400,3900,no
8,BUY,0.622934,21:07:23.338874221,yes,17.680000,ask1,100,00:00:00.000035202,0.620921,1.610510,0.580864,2,1,367,3233,1.250000,1.907300,3800,no
9,BUY,0.805605,21:07:23.338874221,yes,17.680000,ask1,100,00:00:00.000045455,0.620921,1.610510,0.580864,2,1,371,3229,1.250000,2.425800,3600,no
10,BUY,0.768631,21:07:23.338874221,yes,17.680000,ask1,100,00:00:00.000041197,0.620921,1.610510,0.580864,2,1,376,3224,1.250000,2.393600,3600,no
11,BUY,0.939206,21:07:23.338874221,yes,17.680000,ask1,100,00:00:00.000036891,0.683013,1.464100,0.580864,2,1,381,3219,1.250000,2.624600,3500,no
12,BUY,0.887886,21:07:23.338874221,yes,17.680000,ask1,100,00:00:00.000036238,0.751315,1.331000,0.580864,2,1,386,3214,1.250000,2.849700,3400,no
13,BUY,0.809451,21:07:23.338874221,yes,17.680000,ask1,100,00:00:00.000036262,0.826446,1.210000,0.580864,2,1,392,3208,1.250000,3.061200,3300,no
14,BUY,0.684548,21:07:23.338874221,yes,17.680000,ask1,100,00:00:00.000053642,0.909091,1.100000,0.580864,2,1,397,3203,1.250000,3.526400,3100,no
15,BUY,0.466556,21:07:23.338874221,no,-,-,-,-,1.000000,1.000000,0.580864,2,1,402,3198,1.250000,3.482500,3100,no
16,BUY,0.670234,21:07:23.338874221,no,-,-,-,-,1.100000,0.909091,0.580864,2,1,408,3192,1.250000,3.431300,3100,no
17,BUY,0.845484,21:07:23.338874221,no,-,-,-,-,1.210000,0.826446,0.580864,2,1,411,3189,1.250000,3.406300,3100,no
18,BUY,0.537174,21:07:23.338874221,no,-,-,-,-,1.331000,0.751315,0.580864,2,1,414,3186,1.250000,3.381600,3100,no
19,BUY,0.746939,21:07:23.338874221,no,-,-,-,-,1.464100,0.683013,0.580864,2,1,419,3181,1.250000,3.341200,3100,no
20,BUY,0.594374,21:07:23.338874221,no,-,-,-,-,1.610510,0.620921,0.580864,2,1,424,3176,1.250000,3.301800,3100,no
21,BUY,0.544742,21:07:23.338874221,no,-,-,-,-,1.771561,0.564474,0.580864,2,1,428,3172,1.250000,3.271000,3100,no
22,BUY,0.399716,21:07:23.338874221,no,-,-,-,-,1.948717,0.513158,0.580864,2,1,433,3167,1.250000,3.233200,3100,no
23,BUY,0.287252,21:07:23.338874221,no,-,-,-,-,2.143589,0.466507,0.580864,2,1,438,3162,1.250000,3.196300,3100,no
24,BUY,0.146425,21:07:23.338874221,no,-,-,-,-,2.357948,0.424098,0.580864,2,1,443,3157,1.250000,3.160200,3100,no
25,BUY,0.079557,21:07:23.338874221,no,-,-,-,-,2.593742,0.385543,0.580864,2,1,447,3153,1.250000,3.131900,3100,no
26,BUY,0.013512,21:07:23.338874221,no,-,-,-,-,2.853117,0.350494,0.580864,2,1,451,3149,1.250000,3.104200,3100,no
27,BUY,-0.018308,21:07:23.338874221,no,-,-,-,-,3.138428,0.318631,0.580864,2,1,458,3142,1.250000,3.056700,3100,no
28,BUY,0.228738,21:07:23.338874221,no,-,-,-,-,3.452271,0.289664,0.580864,2,1,463,3137,1.250000,3.023700,3100,no
29,BUY,0.372003,21:07:23.338874221,no,-,-,-,-,3.797498,0.263331,0.580864,2,1,466,3134,1.250000,3.004200,3100,no
30,BUY,0.360192,21:07:23.338874221,no,-,-,-,-,4.177248,0.239392,0.580864,2,1,471,3129,1.250000,2.972300,3100,no
31,BUY,0.449357,21:07:23.338874221,no,-,-,-,-,4.594973,0.217629,0.580864,2,1,475,3125,1.250000,2.947300,3100,no
32,BUY,0.588632,21:07:23.338874221,no,-,-,-,-,5.054470,0.197845,0.580864,2,1,480,3120,1.250000,2.916600,3100,no
33,BUY,0.492634,21:07:23.338874221,no,-,-,-,-,5.559917,0.179859,0.580864,2,1,485,3115,1.250000,2.886500,3100,no
34,BUY,0.351071,21:07:23.338874221,no,-,-,-,-,6.115909,0.163508,0.580864,2,1,489,3111,1.250000,2.862900,3100,no
35,BUY,0.469292,21:07:23.338874221,no,-,-,-,-,6.727500,0.148644,0.580864,2,1,495,3105,1.250000,2.828200,3100,no
36,BUY,0.379281,21:07:23.338874221,no,-,-,-,-,7.400250,0.135131,0.580864,2,1,501,3099,1.250000,2.794400,3100,no
37,BUY,-0.105105,21:07:23.338874221,no,-,-,-,-,8.140275,0.122846,0.580864,2,1,505,3095,1.250000,2.772200,3100,no
38,BUY,0.085945,21:07:23.338874221,no,-,-,-,-,8.954302,0.111678,0.580864,2,1,508,3092,1.250000,2.755900,3100,no
39,BUY,0.261544,21:07:23.338874221,no,-,-,-,-,9.849733,0.101526,0.580864,2,1,514,3086,1.250000,2.723700,3100,no
40,BUY,0.203686,21:07:23.338874221,no,-,-,-,-,10.000000,0.100000,0.580864,2,1,519,3081,1.250000,2.697400,3100,no
41,BUY,-0.151132,21:07:23.338874221,no,-,-,-,-,10.000000,0.100000,0.580864,2,1,523,3077,1.250000,2.676800,3100,no
42,BUY,-0.100456,21:07:23.338874221,no,-,-,-,-,10.000000,0.100000,0.580864,2,1,528,3072,1.250000,2.651500,3100,no
43,BUY,-0.043008,21:07:23.338874221,no,-,-,-,-,10.000000,0.100000,0.580864,2,1,533,3067,1.250000,2.626600,3100,no
44,BUY,-0.046368,21:07:23.338874221,no,-,-,-,-,10.000000,0.100000,0.580864,2,1,538,3062,1.250000,2.602200,3100,no
45,BUY,0.179156,21:07:23.338874221,no,-,-,-,-,10.000000,0.100000,0.580864,2,1,543,3057,1.250000,2.578200,3100,no
46,BUY,0.168428,21:07:23.338874221,no,-,-,-,-,10.000000,0.100000,0.580864,2,1,548,3052,1.250000,2.554700,3100,no
47,BUY,0.383852,21:07:23.338874221,no,-,-,-,-,10.000000,0.100000,0.580864,2,1,554,3046,1.250000,2.527000,3100,no
48,BUY,0.034252,21:07:23.338874221,no,-,-,-,-,10.000000,0.100000,0.580864,2,1,558,3042,1.250000,2.508900,3100,no
49,BUY,0.394342,21:07:23.338874221,no,-,-,-,-,10.000000,0.100000,0.580864,2,1,564,3036,1.250000,2.482200,3100,no
50,BUY,0.229972,21:07:23.338874221,no,-,-,-,-,10.000000,0.100000,0.580864,2,1,569,3031,1.250000,2.460400,3100,no
51,BUY,0.059642,21:07:23.338874221,no,-,-,-,-,10.000000,0.100000,0.580864,2,1,574,3026,1.250000,2.439000,3100,no
52,BUY,0.008397,21:07:23.338874221,no,-,-,-,-,10.000000,0.100000,0.580864,2,1,578,3022,1.250000,2.422100,3100,no
53,BUY,0.121375,21:07:23.338874221,no,-,-,-,-,10.000000,0.100000,0.580864,2,1,583,3017,1.250000,2.401300,3100,no
54,BUY,0.306388,21:07:23.338874221,no,-,-,-,-,10.000000,0.100000,0.580864,2,1,587,3013,1.250000,2.385000,3100,no
55,BUY,0.321200,21:07:23.338874221,no,-,-,-,-,10.000000,0.100000,0.580864,2,1,593,3007,1.250000,2.360800,3100,no
56,BUY,0.251174,21:07:23.338874221,no,-,-,-,-,10.000000,0.100000,0.580864,2,1,599,3001,1.250000,2.337200,3100,no
57,BUY,0.256042,21:07:23.338874221,no,-,-,-,-,10.000000,0.100000,0.580864,2,1,605,2995,1.250000,2.314000,3100,no
58,BUY,0.929581,21:07:23.338874221,no,-,-,-,-,10.000000,0.100000,0.580864,2,1,609,2991,1.250000,2.298800,3100,no
59,BUY,1.014363,21:07:23.338874221,no,-,-,-,-,10.000000,0.100000,0.580864,2,1,616,2984,1.250000,2.272700,3100,no
60,BUY,1.049922,21:07:23.338874221,no,-,-,-,-,10.000000,0.100000,0.580864,2,1,620,2980,1.250000,2.258000,3100,no
61,BUY,0.753126,21:07:23.338874221,no,-,-,-,-,10.000000,0.100000,0.580864,2,1,624,2976,1.250000,2.243500,3100,no
62,BUY,0.788208,21:07:23.338874221,no,-,-,-,-,10.000000,0.100000,0.580864,2,1,632,2968,1.250000,2.215100,3100,no
63,BUY,0.846542,21:07:23.338874221,no,-,-,-,-,10.000000,0.100000,0.580864,2,1,636,2964,1.250000,2.201200,3100,no
64,BUY,0.714668,21:07:23.338874221,no,-,-,-,-,10.000000,0.100000,0.580864,2,1,641,2959,1.250000,2.184000,3100,no
65,BUY,0.653288,21:07:23.338874221,no,-,-,-,-,10.000000,0.100000,0.580864,2,1,643,2957,1.250000,2.177200,3100,no
66,BUY,0.811932,21:07:23.338874221,no,-,-,-,-,10.000000,0.100000,0.580864,2,1,649,2951,1.250000,2.157100,3100,no
67,BUY,0.877283,21:07:23.338874221,no,-,-,-,-,10.000000,0.100000,0.580864,2,1,653,2947,1.250000,2.143900,3100,no
68,BUY,0.382051,21:07:23.338874221,no,-,-,-,-,10.000000,0.100000,0.580864,2,1,658,2942,1.250000,2.127600,3100,no
69,BUY,0.243088,21:07:23.338874221,no,-,-,-,-,10.000000,0.100000,0.580864,2,1,665,2935,1.250000,2.105200,3100,no
70,BUY,0.282266,21:07:23.338874221,no,-,-,-,-,10.000000,0.100000,0.580864,2,1,670,2930,1.250000,2.089500,3100,no
71,BUY,0.123768,21:07:23.338874221,no,-,-,-,-,10.000000,0.100000,0.580864,2,1,674,2926,1.250000,2.077100,3100,no
72,BUY,0.020398,21:07:23.338874221,no,-,-,-,-,10.000000,0.100000,0.580864,2,1,679,2921,1.250000,2.061800,3100,no
73,BUY,0.190202,21:07:23.338874221,no,-,-,-,-,10.000000,0.100000,0.580864,2,1,684,2916,1.250000,2.046700,3100,no
74,BUY,0.742998,21:07:23.338874221,no,-,-,-,-,10.000000,0.100000,0.580864,2,1,688,2912,1.250000,2.034800,3100,no
75,BUY,0.439276,21:07:23.338874221,no,-,-,-,-,10.000000,0.100000,0.580864,2,1,694,2906,1.250000,2.017200,3100,no
76,BUY,0.170026,21:07:23.338874221,no,-,-,-,-,10.000000,0.100000,0.580864,2,1,700,2900,1.250000,2.000000,3100,no
77,BUY,0.562505,21:07:23.338874221,no,-,-,-,-,10.000000,0.100000,0.580864,2,1,706,2894,1.250000,1.983000,3100,no
78,BUY,0.668242,21:07:23.338874221,no,-,-,-,-,10.000000,0.100000,0.580864,2,1,712,2888,1.250000,1.966200,3100,no
79,BUY,0.273268,21:07:23.338874221,no,-,-,-,-,10.000000,0.100000,0.580864,2,1,716,2884,1.250000,1.955300,3100,no
80,BUY,0.284060,21:07:23.338874221,no,-,-,-,-,10.000000,0.100000,0.580864,2,1,722,2878,1.250000,1.939000,3100,no
81,BUY,0.037912,21:07:23.338874221,no,-,-,-,-,10.000000,0.100000,0.580864,2,1,725,2875,1.250000,1.931000,3100,no
82,BUY,-0.013551,21:07:23.338874221,no,-,-,-,-,10.000000,0.100000,0.580864,2,1,730,2870,1.250000,1.917800,3100,no
83,BUY,-0.048157,21:07:23.338874221,no,-,-,-,-,10.000000,0.100000,0.580864,2,1,737,2863,1.250000,1.899500,3100,no
84,BUY,-0.353301,21:07:23.338874221,no,-,-,-,-,10.000000,0.100000,0.580864,2,1,740,2860,1.250000,1.891800,3100,no
85,BUY,-0.519121,21:07:23.338874221,no,-,-,-,-,10.000000,0.100000,0.580864,2,1,746,2854,1.250000,1.876600,3100,no
86,BUY,-0.791744,21:07:23.338874221,no,-,-,-,-,10.000000,0.100000,0.580864,2,1,751,2849,1.250000,1.864100,3100,no
87,BUY,-0.858847,21:07:23.338874221,no,-,-,-,-,10.000000,0.100000,0.580864,2,1,756,2844,1.250000,1.851800,3100,no
88,BUY,-0.831229,21:07:23.338874221,no,-,-,-,-,10.000000,0.100000,0.580864,2,1,760,2840,1.250000,1.842100,3100,no
89,BUY,-0.367080,21:07:23.338874221,no,-,-,-,-,10.000000,0.100000,0.580864,2,1,766,2834,1.250000,1.827600,3100,no
90,BUY,-0.357889,21:07:23.338874221,no,-,-,-,-,10.000000,0.100000,0.580864,2,1,771,2829,1.250000,1.815800,3100,no
91,BUY,-0.296804,21:07:23.338874221,no,-,-,-,-,10.000000,0.100000,0.580864,2,1,774,2826,1.250000,1.808700,3100,no
92,BUY,-0.608437,21:07:23.338874221,no,-,-,-,-,10.000000,0.100000,0.580864,2,1,781,2819,1.250000,1.792500,3100,no
93,BUY,-0.690597,21:07:23.338874221,no,-,-,-,-,10.000000,0.100000,0.580864,2,1,785,2815,1.250000,1.783400,3100,no
94,BUY,-0.489945,21:07:23.338874221,no,-,-,-,-,10.000000,0.100000,0.580864,2,1,789,2811,1.250000,1.774300,3100,no
95,BUY,-0.482685,21:07:23.338874221,no,-,-,-,-,10.000000,0.100000,0.580864,2,1,794,2806,1.250000,1.763200,3100,no
96,BUY,-0.587939,21:07:23.338874221,no,-,-,-,-,10.000000,0.100000,0.580864,2,1,800,2800,1.250000,1.750000,3100,no
97,BUY,-0.503563,21:07:23.338874221,no,-,-,-,-,10.000000,0.100000,0.580864,2,1,805,2795,1.250000,1.739100,3100,no
98,BUY,-0.706375,21:07:23.338874221,no,-,-,-,-,10.000000,0.100000,0.580864,2,1,810,2790,1.250000,1.728300,3100,no
99,BUY,-0.626894,21:07:23.338874221,no,-,-,-,-,10.000000,0.100000,0.580864,2,1,816,2784,1.250000,1.715600,3100,no
100,BUY,-0.777319,21:07:23.338874221,no,-,-,-,-,10.000000,0.100000,0.580864,2,1,820,2780,1.250000,1.707300,3100,no
101,BUY,-0.606928,21:07:23.338874221,no,-,-,-,-,10.000000,0.100000,0.580864,2,1,824,2776,1.250000,1.699000,3100,no
102,BUY,-0.733208,21:07:23.338874221,no,-,-,-,-,10.000000,0.100000,0.580864,2,1,829,2771,1.250000,1.688700,3100,no
103,BUY,-0.511283,21:07:23.338874221,no,-,-,-,-,10.000000,0.100000,0.580864,2,1,834,2766,1.250000,1.678600,3100,no
104,BUY,-0.546292,21:07:23.338874221,no,-,-,-,-,10.000000,0.100000,0.580864,2,1,837,2763,1.250000,1.672600,3100,no
105,BUY,-0.218706,21:07:23.338874221,no,-,-,-,-,10.000000,0.100000,0.580864,2,1,843,2757,1.250000,1.660700,3100,no
106,BUY,-0.133374,21:07:23.338874221,no,-,-,-,-,10.000000,0.100000,0.580864,2,1,848,2752,1.250000,1.650900,3100,no
107,BUY,0.057528,21:07:23.338874221,no,-,-,-,-,10.000000,0.100000,0.580864,2,1,851,2749,1.250000,1.645100,3100,no
108,BUY,-0.146402,21:07:23.338874221,no,-,-,-,-,10.000000,0.100000,0.580864,2,1,858,2742,1.250000,1.631700,3100,no
109,BUY,-0.152521,21:07:23.338874221,no,-,-,-,-,10.000000,0.100000,0.580864,2,1,862,2738,1.250000,1.624100,3100,no
110,BUY,-0.031580,21:07:23.338874221,no,-,-,-,-,10.000000,0.100000,0.580864,2,1,867,2733,1.250000,1.614700,3100,no
111,BUY,0.196843,21:07:23.338874221,no,-,-,-,-,10.000000,0.100000,0.580864,2,1,871,2729,1.250000,1.607300,3100,no
112,BUY,0.155227,21:07:23.338874221,no,-,-,-,-,10.000000,0.100000,0.580864,2,1,876,2724,1.250000,1.598100,3100,no
113,BUY,0.464830,21:07:23.338874221,no,-,-,-,-,10.000000,0.100000,0.580864,2,1,880,2720,1.250000,1.590900,3100,no
114,BUY,0.553041,21:07:23.338874221,no,-,-,-,-,10.000000,0.100000,0.580864,2,1,885,2715,1.250000,1.581900,3100,no
115,BUY,0.395612,21:07:23.338874221,no,-,-,-,-,10.000000,0.100000,0.580864,2,1,893,2707,1.250000,1.567700,3100,no
116,BUY,0.371265,21:07:23.338874221,no,-,-,-,-,10.000000,0.100000,0.580864,2,1,897,2703,1.250000,1.560700,3100,no
117,BUY,0.301826,21:07:23.338874221,no,-,-,-,-,10.000000,0.100000,0.580864,2,1,902,2698,1.250000,1.552100,3100,no
118,BUY,0.038193,21:07:23.338874221,no,-,-,-,-,10.000000,0.100000,0.580864,2,1,907,2693,1.250000,1.543500,3100,no
119,BUY,-0.562274,21:07:23.338874221,no,-,-,-,-,9.090909,0.110000,0.580864,2,1,1189,2411,1.250000,1.177400,3100,no
120,BUY,-0.425641,21:07:23.338874221,no,-,-,-,-,8.264463,0.121000,0.580864,2,1,1194,2406,1.250000,1.172500,3100,no
121,BUY,-0.643551,21:07:23.338874221,no,-,-,-,-,7.513148,0.133100,0.580864,2,1,1201,2399,1.250000,1.165600,3100,no
122,BUY,-0.527033,21:07:23.338874221,no,-,-,-,-,6.830135,0.146410,0.580864,2,1,1206,2394,1.250000,1.160800,3100,no
123,BUY,-0.198863,21:07:23.338874221,no,-,-,-,-,6.209213,0.161051,0.580864,2,1,1212,2388,1.250000,1.155100,3100,no
124,BUY,-0.148511,21:07:23.338874221,no,-,-,-,-,5.644739,0.177156,0.580864,2,1,1219,2381,1.250000,1.148400,3100,no
125,BUY,-0.092188,21:07:23.338874221,no,-,-,-,-,5.131581,0.194872,0.580864,2,1,1225,2375,1.250000,1.142800,3100,no
126,BUY,0.076636,21:07:23.338874221,no,-,-,-,-,4.665074,0.214359,0.580864,2,1,1231,2369,1.250000,1.137200,3100,no
127,BUY,-0.236428,21:07:23.338874221,no,-,-,-,-,4.240976,0.235795,0.580864,2,1,1236,2364,1.250000,1.132600,3100,no
128,BUY,0.170812,21:07:23.338874221,no,-,-,-,-,3.855433,0.259374,0.580864,2,1,1240,2360,1.250000,1.129000,3100,no
129,BUY,-0.158808,21:07:23.338874221,no,-,-,-,-,3.504939,0.285312,0.580864,2,1,1248,2352,1.250000,1.121700,3100,no
130,BUY,-0.421875,21:07:23.338874221,no,-,-,-,-,3.186308,0.313843,0.580864,2,1,1254,2346,1.250000,1.116400,3100,no
131,BUY,-0.396002,21:07:23.338874221,no,-,-,-,-,2.896644,0.345227,0.580864,2,1,1258,2342,1.250000,1.112800,3100,no
132,BUY,-0.383284,21:07:23.338874221,no,-,-,-,-,2.633313,0.379750,0.580864,2,1,1264,2336,1.250000,1.107500,3100,no
133,BUY,0.559903,21:07:23.338874221,no,-,-,-,-,2.393920,0.417725,0.580864,2,1,1270,2330,1.250000,1.102300,3100,no
134,BUY,0.003844,21:07:23.338874221,no,-,-,-,-,2.176291,0.459497,0.580864,2,1,1276,2324,1.250000,1.097100,3100,no
135,BUY,0.328237,21:07:23.338874221,no,-,-,-,-,1.978447,0.505447,0.580864,2,1,1281,2319,1.250000,1.092800,3100,no
136,BUY,0.259962,21:07:23.338874221,no,-,-,-,-,1.798588,0.555992,0.580864,2,1,1289,2311,1.250000,1.086100,3100,no
137,BUY,0.227915,21:07:23.338874221,no,-,-,-,-,1.635080,0.611591,0.580864,2,1,1296,2304,1.250000,1.080200,3100,no
138,BUY,0.446159,21:07:23.338874221,no,-,-,-,-,1.486436,0.672750,0.580864,2,1,1300,2300,1.250000,1.076900,3100,no
139,BUY,0.217886,21:07:23.338874221,no,-,-,-,-,1.351306,0.740025,0.580864,2,1,1307,2293,1.250000,1.071100,3100,no
140,BUY,0.336107,21:07:23.338874221,no,-,-,-,-,1.228460,0.814027,0.580864,2,1,1312,2288,1.250000,1.067000,3100,no
141,BUY,0.841855,21:07:23.338874221,no,-,-,-,-,1.116782,0.895430,0.580864,2,1,1317,2283,1.250000,1.063000,3100,no
142,BUY,-0.098563,21:07:23.338874221,no,-,-,-,-,1.015256,0.984973,0.580864,2,1,1325,2275,1.250000,1.056600,3100,no
143,BUY,-0.093713,21:07:23.338874221,no,-,-,-,-,0.922960,1.083471,0.580864,2,1,1330,2270,1.250000,1.052600,3100,no
144,BUY,-0.357426,21:07:23.338874221,no,-,-,-,-,0.839055,1.191818,0.580864,2,1,1337,2263,1.250000,1.047100,3100,no
145,BUY,-0.318341,21:07:23.338874221,no,-,-,-,-,0.762777,1.310999,0.580864,2,1,1342,2258,1.250000,1.043200,3100,no
146,BUY,0.334145,21:07:23.338874221,no,-,-,-,-,0.693433,1.442099,0.580864,2,1,1347,2253,1.250000,1.039300,3100,no
147,BUY,0.287616,21:07:23.338874221,no,-,-,-,-,0.630394,1.586309,0.580864,2,1,1352,2248,1.250000,1.035500,3100,no
148,BUY,0.324811,21:07:23.338874221,no,-,-,-,-,0.573086,1.744940,0.580864,2,1,1356,2244,1.250000,1.032400,3100,no
149,BUY,0.179184,21:07:23.338874221,no,-,-,-,-,0.520987,1.919434,0.580864,2,1,1361,2239,1.250000,1.028600,3100,no
150,BUY,0.171247,21:07:23.338874221,no,-,-,-,-,0.473624,2.111378,0.580864,2,1,1366,2234,1.250000,1.024800,3100,no
151,BUY,-0.259983,21:07:23.338874221,no,-,-,-,-,0.430568,2.322515,0.580864,2,1,1373,2227,1.250000,1.019600,3100,no
152,BUY,-0.067850,21:07:23.338874221,no,-,-,-,-,0.391425,2.554767,0.580864,2,1,1379,2221,1.250000,1.015200,3100,no
153,BUY,-0.201903,21:07:23.338874221,no,-,-,-,-,0.355841,2.810244,0.580864,2,1,1384,2216,1.250000,1.011500,3100,no
154,BUY,-0.129918,21:07:23.338874221,no,-,-,-,-,0.323492,3.091268,0.580864,2,1,1388,2212,1.250000,1.008600,3100,no
155,BUY,0.176638,21:07:23.338874221,yes,17.710000,ask1,300,00:00:00.000037289,0.294083,3.400395,0.580864,2,1,1393,2207,1.250000,1.005000,3100,no
156,BUY,0.138157,21:07:23.338874221,no,-,-,-,-,0.267349,3.740434,0.580864,2,1,1397,2203,1.250000,1.002100,3100,no
157,BUY,0.377355,21:07:23.338874221,yes,17.740000,ask1,400,00:00:00.000044219,0.243044,4.114478,0.580864,2,1,1403,2197,1.250000,0.997800,3100,no
158,BUY,0.452194,21:07:23.338874221,yes,17.740000,ask1,400,00:00:00.000035217,0.220949,4.525926,0.580864,2,1,1407,2193,1.250000,0.995000,3100,no
159,BUY,-0.160368,21:07:23.338874221,no,-,-,-,-,0.200863,4.978518,0.580864,2,1,1413,2187,1.250000,0.990700,3100,no
160,BUY,-0.126778,21:07:23.338874221,no,-,-,-,-,0.182603,5.476370,0.580864,2,1,1415,2185,1.250000,0.989300,3100,no
161,BUY,-0.218264,21:07:23.338874221,no,-,-,-,-,0.166002,6.024007,0.580864,2,1,1418,2182,1.250000,0.987300,3100,no
162,BUY,-0.229355,21:07:23.338874221,no,-,-,-,-,0.150911,6.626408,0.580864,2,1,1420,2180,1.250000,0.985900,3100,no
163,BUY,-0.214108,21:07:23.338874221,no,-,-,-,-,0.137192,7.289048,0.580864,2,1,1425,2175,1.250000,0.982400,3100,no
164,BUY,-0.399264,21:07:23.338874221,no,-,-,-,-,0.124720,8.017953,0.580864,2,1,1429,2171,1.250000,0.979700,3100,no
165,BUY,-0.435477,21:07:23.338874221,no,-,-,-,-,0.113382,8.819749,0.580864,2,1,1435,2165,1.250000,0.975600,3100,no
166,BUY,-0.447204,21:07:23.338874221,no,-,-,-,-,0.103074,9.701723,0.580864,2,1,1440,2160,1.250000,0.972200,3100,no
167,BUY,-0.606689,21:07:23.338874221,no,-,-,-,-,0.100000,10.000000,0.580864,2,1,1446,2154,1.250000,0.968100,3100,no
168,BUY,-0.677490,21:07:23.338874221,no,-,-,-,-,0.100000,10.000000,0.580864,2,1,1451,2149,1.250000,0.964800,3100,no
169,BUY,-0.144358,21:07:23.338874221,no,-,-,-,-,0.100000,10.000000,0.580864,2,1,1454,2146,1.250000,0.962800,3100,no
170,BUY,0.489559,21:07:23.338874221,yes,17.750000,ask1,1000,00:00:00.000035960,0.100000,10.000000,0.580864,2,1,1459,2141,1.250000,0.959500,3100,no
171,BUY,0.340399,21:07:23.338874221,yes,17.750000,ask1,1000,00:00:00.000036931,0.100000,10.000000,0.580864,2,1,1465,2135,1.250000,0.955600,3100,no
172,BUY,-0.168950,21:07:23.338874221,no,-,-,-,-,0.100000,10.000000,0.580864,2,1,1469,2131,1.250000,0.953000,3100,no
173,BUY,-0.021177,21:07:23.338874221,no,-,-,-,-,0.100000,10.000000,0.580864,2,1,1475,2125,1.250000,0.949100,3100,no
174,BUY,-0.154411,21:07:23.338874221,no,-,-,-,-,0.100000,10.000000,0.580864,2,1,1479,2121,1.250000,0.946500,3100,no
175,BUY,-0.211476,21:07:23.338874221,no,-,-,-,-,0.100000,10.000000,0.580864,2,1,1483,2117,1.250000,0.944000,3100,no
176,BUY,-0.292379,21:07:23.338874221,no,-,-,-,-,0.100000,10.000000,0.580864,2,1,1487,2113,1.250000,0.941400,3100,no
177,BUY,-0.377256,21:07:23.338874221,no,-,-,-,-,0.100000,10.000000,0.580864,2,1,1493,2107,1.250000,0.937700,3100,no
178,BUY,0.295440,21:07:23.338874221,yes,17.760000,ask1,1000,00:00:00.000057448,0.100000,10.000000,0.580864,2,1,1500,2100,1.250000,0.933300,3100,no
179,BUY,0.236504,21:07:23.338874221,yes,17.750000,ask1,1000,00:00:00.000035457,0.100000,10.000000,0.580864,2,1,1505,2095,1.250000,0.930200,3100,no
180,BUY,-0.466590,21:07:23.338874221,no,-,-,-,-,0.100000,10.000000,0.580864,2,1,1509,2091,1.250000,0.927700,3100,no
181,BUY,0.559138,21:07:23.338874221,yes,17.750000,ask1,1000,00:00:00.000034047,0.100000,10.000000,0.580864,2,1,1515,2085,1.250000,0.924000,3100,no
182,BUY,1.064069,21:07:23.338874221,yes,17.750000,ask1,1000,00:00:00.000035775,0.100000,10.000000,0.580864,2,1,1520,2080,1.250000,0.921000,3100,no
183,BUY,-0.066318,21:07:23.338874221,no,-,-,-,-,0.100000,10.000000,0.580864,2,1,1525,2075,1.250000,0.918000,3100,no
184,BUY,0.170248,21:07:23.338874221,yes,17.750000,ask1,1000,00:00:00.000036669,0.100000,10.000000,0.580864,2,1,1529,2071,1.250000,0.915600,3100,no
185,BUY,-0.089829,21:07:23.338874221,no,-,-,-,-,0.100000,10.000000,0.580864,2,1,1533,2067,1.250000,0.913200,3100,no
186,BUY,-0.261053,21:07:23.338874221,no,-,-,-,-,0.100000,10.000000,0.580864,2,1,1541,2059,1.250000,0.908500,3100,no
187,BUY,-0.144337,21:07:23.338874221,no,-,-,-,-,0.100000,10.000000,0.580864,2,1,1545,2055,1.250000,0.906100,3100,no
188,BUY,-0.277189,21:07:23.338874221,no,-,-,-,-,0.100000,10.000000,0.580864,2,1,1548,2052,1.250000,0.904300,3100,no
189,BUY,-0.507547,21:07:23.338874221,no,-,-,-,-,0.100000,10.000000,0.580864,2,1,1552,2048,1.250000,0.902000,3100,no
190,BUY,-0.534245,21:07:23.338874221,no,-,-,-,-,0.100000,10.000000,0.580864,2,1,1557,2043,1.250000,0.899100,3100,no
191,BUY,-0.034905,21:07:23.338874221,no,-,-,-,-,0.100000,10.000000,0.580864,2,1,1562,2038,1.250000,0.896200,3100,no
192,BUY,-0.678563,21:07:23.338874221,no,-,-,-,-,0.100000,10.000000,0.580864,2,1,1567,2033,1.250000,0.893400,3100,no
193,BUY,-0.873440,21:07:23.338874221,no,-,-,-,-,0.100000,10.000000,0.580864,2,1,1573,2027,1.250000,0.890000,3100,no
194,BUY,-0.882625,21:07:23.338874221,no,-,-,-,-,0.100000,10.000000,0.580864,2,1,1578,2022,1.250000,0.887100,3100,no
195,BUY,-1.097063,21:07:23.338874221,no,-,-,-,-,0.100000,10.000000,0.580864,2,1,1583,2017,1.250000,0.884300,3100,no
196,BUY,-0.714133,21:07:23.338874221,no,-,-,-,-,0.100000,10.000000,0.580864,2,1,1587,2013,1.250000,0.882100,3100,no
197,BUY,-0.575949,21:07:23.338874221,no,-,-,-,-,0.100000,10.000000,0.580864,2,1,1591,2009,1.250000,0.879900,3100,no
198,BUY,-0.705270,21:07:23.338874221,no,-,-,-,-,0.100000,10.000000,0.580864,2,1,1598,2002,1.250000,0.876000,3100,no
199,BUY,-0.788679,21:07:23.338874221,no,-,-,-,-,0.100000,10.000000,0.580864,2,1,1603,1997,1.250000,0.873300,3100,no
200,BUY,-0.653575,21:07:23.338874221,no,-,-,-,-,0.100000,10.000000,0.580864,2,1,1607,1993,1.250000,0.871100,3100,no
201,BUY,-0.449908,21:07:23.338874221,no,-,-,-,-,0.100000,10.000000,0.580864,2,1,1611,1989,1.250000,0.869000,3100,no
202,BUY,-0.484677,21:07:23.338874221,no,-,-,-,-,0.100000,10.000000,0.580864,2,1,1616,1984,1.250000,0.866300,3100,no
203,BUY,-0.050359,21:07:23.338874221,no,-,-,-,-,0.100000,10.000000,0.580864,2,1,1620,1980,1.250000,0.864100,3100,no
204,BUY,0.212973,21:07:23.338874221,yes,17.730000,ask1,1000,00:00:00.000061980,0.100000,10.000000,0.580864,2,1,1624,1976,1.250000,0.862000,3100,no
205,BUY,-0.171522,21:07:23.338874221,no,-,-,-,-,0.100000,10.000000,0.580864,2,1,1630,1970,1.250000,0.858800,3100,no
206,BUY,-0.264952,21:07:23.338874221,no,-,-,-,-,0.100000,10.000000,0.580864,2,1,1638,1962,1.250000,0.854700,3100,no
207,BUY,-0.076710,21:07:23.338874221,no,-,-,-,-,0.100000,10.000000,0.580864,2,1,1642,1958,1.250000,0.852600,3100,no
208,BUY,-0.017861,21:07:23.338874221,no,-,-,-,-,0.100000,10.000000,0.580864,2,1,1645,1955,1.250000,0.851000,3100,no
209,BUY,-0.092190,21:07:23.338874221,no,-,-,-,-,0.100000,10.000000,0.580864,2,1,1648,1952,1.250000,0.849500,3100,no
210,BUY,-0.081565,21:07:23.338874221,no,-,-,-,-,0.100000,10.000000,0.580864,2,1,1653,1947,1.250000,0.846900,3100,no
211,BUY,0.033937,21:07:23.338874221,no,-,-,-,-,0.100000,10.000000,0.580864,2,1,1657,1943,1.250000,0.844900,3100,no
212,BUY,-0.109664,21:07:23.338874221,no,-,-,-,-,0.100000,10.000000,0.580864,2,1,1662,1938,1.250000,0.842300,3100,no
213,BUY,0.418245,21:07:23.338874221,yes,17.740000,ask1,1000,00:00:00.000037165,0.100000,10.000000,0.580864,2,1,1666,1934,1.250000,0.840300,3100,no
214,BUY,0.063909,21:07:23.338874221,yes,17.740000,ask1,1000,00:00:00.000035709,0.100000,10.000000,0.580864,2,1,1669,1931,1.250000,0.838800,3100,no
215,BUY,0.119880,21:07:23.338874221,yes,17.740000,ask1,1000,00:00:00.000035494,0.100000,10.000000,0.580864,2,1,1674,1926,1.250000,0.836300,3100,no
216,BUY,-0.086423,21:07:23.338874221,yes,17.760000,bid1,3100,00:00:00.000024581,0.100000,10.000000,0.580864,2,1,4927,-1327,1.250000,0.284100,3100,yes
217,BUY,-0.497257,21:07:23.338874221,yes,17.760000,bid1,3100,00:00:00.000023314,0.100000,10.000000,0.580864,2,1,4941,-1341,1.250000,0.283300,3100,yes
218,BUY,-0.870395,21:07:23.338874221,yes,17.760000,bid1,3100,00:00:00.000025426,0.100000,10.000000,0.580864,2,1,4947,-1347,1.250000,0.282900,3100,yes
219,BUY,-0.853795,21:07:23.338874221,yes,17.760000,bid1,3100,00:00:00.000029788,0.100000,10.000000,0.580864,2,1,4954,-1354,1.250000,0.282500,3100,yes
220,BUY,-0.533921,21:07:23.338874221,yes,17.760000,bid1,3100,00:00:00.000024009,0.100000,10.000000,0.580864,2,1,4959,-1359,1.250000,0.282300,3100,yes
221,BUY,-0.553200,21:07:23.338874221,yes,17.760000,bid1,3100,00:00:00.000024279,0.100000,10.000000,0.580864,2,1,4965,-1365,1.250000,0.281900,3100,yes
222,BUY,-0.456416,21:07:23.338874221,yes,17.760000,bid1,3100,00:00:00.000025190,0.100000,10.000000,0.580864,2,1,4970,-1370,1.250000,0.281600,3100,yes
223,BUY,-0.681474,21:07:23.338874221,yes,17.760000,bid1,3100,00:00:00.000024703,0.100000,10.000000,0.580864,2,1,4977,-1377,1.250000,0.281200,3100,yes
224,BUY,-0.564210,21:07:23.338874221,yes,17.750000,bid1,3100,00:00:00.000025583,0.100000,10.000000,0.580864,2,1,4983,-1383,1.250000,0.280900,3100,yes
225,BUY,-0.397506,21:07:23.338874221,yes,17.760000,bid1,3100,00:00:00.000025096,0.100000,10.000000,0.580864,2,1,4990,-1390,1.250000,0.280500,3100,yes
226,BUY,-0.549849,21:07:23.338874221,yes,17.760000,bid1,3100,00:00:00.000024785,0.100000,10.000000,0.580864,2,1,4997,-1397,1.250000,0.280100,3100,yes
227,BUY,-0.533563,21:07:23.338874221,yes,17.760000,bid1,3100,00:00:00.000027934,0.100000,10.000000,0.580864,2,1,5003,-1403,1.250000,0.279800,3100,yes
228,BUY,-0.602084,21:07:23.338874221,yes,17.760000,bid1,3100,00:00:00.000024561,0.100000,10.000000,0.580864,2,1,5010,-1410,1.250000,0.279400,3100,yes
229,BUY,-1.097221,21:07:23.338874221,yes,17.760000,bid1,3100,00:00:00.000024598,0.100000,10.000000,0.580864,2,1,5016,-1416,1.250000,0.279100,3100,yes
230,BUY,-0.332088,21:07:23.338874221,yes,17.750000,bid1,3100,00:00:00.000024343,0.100000,10.000000,0.580864,2,1,5020,-1420,1.250000,0.278800,3100,yes
231,BUY,-0.056419,21:07:23.338874221,yes,17.750000,bid1,3100,00:00:00.000024330,0.100000,10.000000,0.580864,2,1,5025,-1425,1.250000,0.278600,3100,yes
232,BUY,-0.115130,21:07:23.338874221,yes,17.750000,bid1,3100,00:00:00.000023080,0.100000,10.000000,0.580864,2,1,5030,-1430,1.250000,0.278300,3100,yes
233,BUY,-0.128572,21:07:23.338874221,yes,17.750000,bid1,3100,00:00:00.000024371,0.100000,10.000000,0.580864,2,1,5035,-1435,1.250000,0.278000,3100,yes
234,BUY,-0.241551,21:07:23.338874221,yes,17.750000,bid1,3100,00:00:00.000024871,0.100000,10.000000,0.580864,2,1,5040,-1440,1.250000,0.277700,3100,yes
235,BUY,-0.170903,21:07:23.338874221,yes,17.750000,bid1,3100,00:00:00.000024556,0.100000,10.000000,0.580864,2,1,5045,-1445,1.250000,0.277500,3100,yes
236,BUY,-0.450565,21:07:23.338874221,yes,17.750000,bid1,3100,00:00:00.000024453,0.100000,10.000000,0.580864,2,1,5053,-1453,1.250000,0.277000,3100,yes
237,BUY,-0.251639,21:07:23.338874221,yes,17.750000,bid1,3100,00:00:00.000024727,0.100000,10.000000,0.580864,2,1,5058,-1458,1.250000,0.276700,3100,yes
238,BUY,0.073831,21:07:23.338874221,yes,17.760000,ask1,3100,00:00:00.000024169,0.100000,10.000000,0.580864,2,1,5063,-1463,1.250000,0.276500,3100,yes
239,BUY,-0.027330,21:07:23.338874221,yes,17.750000,bid1,3100,00:00:00.000025136,0.100000,10.000000,0.580864,2,1,5068,-1468,1.250000,0.276200,3100,yes
240,BUY,0.005147,21:07:23.338874221,yes,17.740000,bid1,3100,00:00:00.000024380,0.100000,10.000000,0.580864,2,1,5071,-1471,1.250000,0.276000,3100,yes
241,BUY,-0.034042,21:07:23.338874221,yes,17.740000,bid1,1700,00:00:00.000032505,0.100000,10.000000,0.580864,2,1,5075,-1475,1.250000,0.886600,0,yes
