轮数,方向,预测值,算法开始时间,是否下单,下单价格,档位,下单量,下单耗时(从预测到下单),r1,r2,std,freq,qty_scalar,经过时间,剩余时间,目标速度,实际速度,剩余量,是否为最后一轮
1,SELL,-0.124457,21:07:23.339177952,no,-,-,-,-,0.909091,1.100000,0.692267,2,1,332,3268,7.500000,0.000000,27000,no
2,SELL,0.497940,21:07:23.339177952,no,-,-,-,-,0.826446,1.210000,0.692267,2,1,337,3263,7.500000,0.000000,27000,no
3,SELL,0.429006,21:07:23.339177952,no,-,-,-,-,0.751315,1.331000,0.692267,2,1,341,3259,7.500000,0.000000,27000,no
4,SELL,0.387975,21:07:23.339177952,no,-,-,-,-,0.683013,1.464100,0.692267,2,1,347,3253,7.500000,0.000000,27000,no
5,SELL,0.400921,21:07:23.339177952,no,-,-,-,-,0.620921,1.610510,0.692267,2,1,352,3248,7.500000,0.000000,27000,no
6,SELL,0.429149,21:07:23.339177952,no,-,-,-,-,0.564474,1.771561,0.692267,2,1,357,3243,7.500000,0.000000,27000,no
7,SELL,0.752611,21:07:23.339177952,no,-,-,-,-,0.513158,1.948717,0.692267,2,1,361,3239,7.500000,0.000000,27000,no
8,SELL,0.415760,21:07:23.339177952,no,-,-,-,-,0.466507,2.143589,0.692267,2,1,365,3235,7.500000,0.000000,27000,no
9,SELL,0.478191,21:07:23.339177952,no,-,-,-,-,0.424098,2.357948,0.692267,2,1,369,3231,7.500000,0.000000,27000,no
10,SELL,0.679187,21:07:23.339177952,no,-,-,-,-,0.385543,2.593742,0.692267,2,1,374,3226,7.500000,0.000000,27000,no
11,SELL,0.831060,21:07:23.339177952,no,-,-,-,-,0.350494,2.853117,0.692267,2,1,380,3220,7.500000,0.000000,27000,no
12,SELL,0.744156,21:07:23.339177952,no,-,-,-,-,0.318631,3.138428,0.692267,2,1,384,3216,7.500000,0.000000,27000,no
13,SELL,0.562258,21:07:23.339177952,no,-,-,-,-,0.289664,3.452271,0.692267,2,1,390,3210,7.500000,0.000000,27000,no
14,SELL,0.475527,21:07:23.339177952,no,-,-,-,-,0.263331,3.797498,0.692267,2,1,396,3204,7.500000,0.000000,27000,no
15,SELL,0.816580,21:07:23.339177952,no,-,-,-,-,0.239392,4.177248,0.692267,2,1,400,3200,7.500000,0.000000,27000,no
16,SELL,1.064643,21:07:23.339177952,no,-,-,-,-,0.217629,4.594973,0.692267,2,1,406,3194,7.500000,0.000000,27000,no
17,SELL,0.755694,21:07:23.339177952,no,-,-,-,-,0.197845,5.054470,0.692267,2,1,410,3190,7.500000,0.000000,27000,no
18,SELL,1.124617,21:07:23.339177952,no,-,-,-,-,0.179859,5.559917,0.692267,2,1,413,3187,7.500000,0.000000,27000,no
19,SELL,1.486325,21:07:23.339177952,no,-,-,-,-,0.163508,6.115909,0.692267,2,1,417,3183,7.500000,0.000000,27000,no
20,SELL,1.186628,21:07:23.339177952,no,-,-,-,-,0.148644,6.727500,0.692267,2,1,422,3178,7.500000,0.000000,27000,no
21,SELL,0.967879,21:07:23.339177952,no,-,-,-,-,0.135131,7.400250,0.692267,2,1,427,3173,7.500000,0.000000,27000,no
22,SELL,1.070009,21:07:23.339177952,no,-,-,-,-,0.122846,8.140275,0.692267,2,1,431,3169,7.500000,0.000000,27000,no
23,SELL,0.640739,21:07:23.339177952,no,-,-,-,-,0.111678,8.954302,0.692267,2,1,437,3163,7.500000,0.000000,27000,no
24,SELL,0.711308,21:07:23.339177952,no,-,-,-,-,0.101526,9.849733,0.692267,2,1,441,3159,7.500000,0.000000,27000,no
25,SELL,0.716690,21:07:23.339177952,no,-,-,-,-,0.100000,10.000000,0.692267,2,1,445,3155,7.500000,0.000000,27000,no
26,SELL,0.718676,21:07:23.339177952,no,-,-,-,-,0.100000,10.000000,0.692267,2,1,450,3150,7.500000,0.000000,27000,no
27,SELL,1.222240,21:07:23.339177952,no,-,-,-,-,0.100000,10.000000,0.692267,2,1,455,3145,7.500000,0.000000,27000,no
28,SELL,0.763571,21:07:23.339177952,no,-,-,-,-,0.100000,10.000000,0.692267,2,1,461,3139,7.500000,0.000000,27000,no
29,SELL,1.697968,21:07:23.339177952,no,-,-,-,-,0.100000,10.000000,0.692267,2,1,465,3135,7.500000,0.000000,27000,no
30,SELL,1.321691,21:07:23.339177952,no,-,-,-,-,0.100000,10.000000,0.692267,2,1,469,3131,7.500000,0.000000,27000,no
31,SELL,1.672941,21:07:23.339177952,no,-,-,-,-,0.100000,10.000000,0.692267,2,1,474,3126,7.500000,0.000000,27000,no
32,SELL,1.724497,21:07:23.339177952,no,-,-,-,-,0.100000,10.000000,0.692267,2,1,479,3121,7.500000,0.000000,27000,no
33,SELL,1.254939,21:07:23.339177952,no,-,-,-,-,0.100000,10.000000,0.692267,2,1,483,3117,7.500000,0.000000,27000,no
34,SELL,1.043856,21:07:23.339177952,no,-,-,-,-,0.100000,10.000000,0.692267,2,1,488,3112,7.500000,0.000000,27000,no
35,SELL,0.806296,21:07:23.339177952,no,-,-,-,-,0.100000,10.000000,0.692267,2,1,491,3109,7.500000,0.000000,27000,no
36,SELL,0.641152,21:07:23.339177952,no,-,-,-,-,0.100000,10.000000,0.692267,2,1,497,3103,7.500000,0.000000,27000,no
37,SELL,0.419731,21:07:23.339177952,no,-,-,-,-,0.100000,10.000000,0.692267,2,1,503,3097,7.500000,0.000000,27000,no
38,SELL,0.475781,21:07:23.339177952,no,-,-,-,-,0.100000,10.000000,0.692267,2,1,508,3092,7.500000,0.000000,27000,no
39,SELL,0.653259,21:07:23.339177952,no,-,-,-,-,0.100000,10.000000,0.692267,2,1,512,3088,7.500000,0.000000,27000,no
40,SELL,0.350889,21:07:23.339177952,no,-,-,-,-,0.100000,10.000000,0.692267,2,1,517,3083,7.500000,0.000000,27000,no
41,SELL,0.572110,21:07:23.339177952,no,-,-,-,-,0.100000,10.000000,0.692267,2,1,523,3077,7.500000,0.000000,27000,no
42,SELL,1.294342,21:07:23.339177952,no,-,-,-,-,0.100000,10.000000,0.692267,2,1,528,3072,7.500000,0.000000,27000,no
43,SELL,0.826135,21:07:23.339177952,no,-,-,-,-,0.100000,10.000000,0.692267,2,1,532,3068,7.500000,0.000000,27000,no
44,SELL,0.679720,21:07:23.339177952,no,-,-,-,-,0.100000,10.000000,0.692267,2,1,537,3063,7.500000,0.000000,27000,no
45,SELL,0.338200,21:07:23.339177952,no,-,-,-,-,0.100000,10.000000,0.692267,2,1,542,3058,7.500000,0.000000,27000,no
46,SELL,0.425328,21:07:23.339177952,no,-,-,-,-,0.100000,10.000000,0.692267,2,1,546,3054,7.500000,0.000000,27000,no
47,SELL,0.720513,21:07:23.339177952,no,-,-,-,-,0.100000,10.000000,0.692267,2,1,552,3048,7.500000,0.000000,27000,no
48,SELL,0.253580,21:07:23.339177952,no,-,-,-,-,0.100000,10.000000,0.692267,2,1,556,3044,7.500000,0.000000,27000,no
49,SELL,0.077016,21:07:23.339177952,no,-,-,-,-,0.100000,10.000000,0.692267,2,1,561,3039,7.500000,0.000000,27000,no
50,SELL,0.536616,21:07:23.339177952,no,-,-,-,-,0.100000,10.000000,0.692267,2,1,567,3033,7.500000,0.000000,27000,no
51,SELL,0.209055,21:07:23.339177952,no,-,-,-,-,0.100000,10.000000,0.692267,2,1,572,3028,7.500000,0.000000,27000,no
52,SELL,-0.134110,21:07:23.339177952,yes,22.150000,bid1,1000,00:00:00.000065441,0.100000,10.000000,0.692267,2,1,577,3023,7.500000,1.733100,26000,no
53,SELL,-0.015160,21:07:23.339177952,no,-,-,-,-,0.100000,10.000000,0.692267,2,1,581,3019,7.500000,1.721100,26000,no
54,SELL,0.230632,21:07:23.339177952,no,-,-,-,-,0.100000,10.000000,0.692267,2,1,586,3014,7.500000,1.706400,26000,no
55,SELL,0.135042,21:07:23.339177952,no,-,-,-,-,0.100000,10.000000,0.692267,2,1,592,3008,7.500000,1.689100,26000,no
56,SELL,0.484527,21:07:23.339177952,no,-,-,-,-,0.100000,10.000000,0.692267,2,1,596,3004,7.500000,1.677800,26000,no
57,SELL,0.546601,21:07:23.339177952,no,-,-,-,-,0.100000,10.000000,0.692267,2,1,603,2997,7.500000,1.658300,26000,no
58,SELL,0.999023,21:07:23.339177952,no,-,-,-,-,0.100000,10.000000,0.692267,2,1,607,2993,7.500000,1.647400,26000,no
59,SELL,1.661852,21:07:23.339177952,no,-,-,-,-,0.100000,10.000000,0.692267,2,1,613,2987,7.500000,1.631300,26000,no
60,SELL,0.838808,21:07:23.339177952,no,-,-,-,-,0.100000,10.000000,0.692267,2,1,618,2982,7.500000,1.618100,26000,no
61,SELL,0.629465,21:07:23.339177952,no,-,-,-,-,0.100000,10.000000,0.692267,2,1,622,2978,7.500000,1.607700,26000,no
62,SELL,0.165614,21:07:23.339177952,no,-,-,-,-,0.100000,10.000000,0.692267,2,1,628,2972,7.500000,1.592300,26000,no
63,SELL,0.719190,21:07:23.339177952,no,-,-,-,-,0.100000,10.000000,0.692267,2,1,636,2964,7.500000,1.572300,26000,no
64,SELL,0.063932,21:07:23.339177952,no,-,-,-,-,0.100000,10.000000,0.692267,2,1,640,2960,7.500000,1.562500,26000,no
65,SELL,0.229073,21:07:23.339177952,no,-,-,-,-,0.100000,10.000000,0.692267,2,1,643,2957,7.500000,1.555200,26000,no
66,SELL,0.840697,21:07:23.339177952,no,-,-,-,-,0.100000,10.000000,0.692267,2,1,647,2953,7.500000,1.545500,26000,no
67,SELL,0.409947,21:07:23.339177952,no,-,-,-,-,0.100000,10.000000,0.692267,2,1,652,2948,7.500000,1.533700,26000,no
68,SELL,0.739480,21:07:23.339177952,no,-,-,-,-,0.100000,10.000000,0.692267,2,1,657,2943,7.500000,1.522000,26000,no
69,SELL,0.627770,21:07:23.339177952,no,-,-,-,-,0.100000,10.000000,0.692267,2,1,663,2937,7.500000,1.508200,26000,no
70,SELL,0.329184,21:07:23.339177952,no,-,-,-,-,0.100000,10.000000,0.692267,2,1,668,2932,7.500000,1.497000,26000,no
71,SELL,0.507192,21:07:23.339177952,no,-,-,-,-,0.100000,10.000000,0.692267,2,1,673,2927,7.500000,1.485800,26000,no
72,SELL,1.182347,21:07:23.339177952,no,-,-,-,-,0.100000,10.000000,0.692267,2,1,679,2921,7.500000,1.472700,26000,no
73,SELL,0.715002,21:07:23.339177952,no,-,-,-,-,0.100000,10.000000,0.692267,2,1,682,2918,7.500000,1.466200,26000,no
74,SELL,1.116308,21:07:23.339177952,no,-,-,-,-,0.100000,10.000000,0.692267,2,1,687,2913,7.500000,1.455600,26000,no
75,SELL,0.652237,21:07:23.339177952,no,-,-,-,-,0.100000,10.000000,0.692267,2,1,692,2908,7.500000,1.445000,26000,no
76,SELL,0.350512,21:07:23.339177952,no,-,-,-,-,0.100000,10.000000,0.692267,2,1,700,2900,7.500000,1.428500,26000,no
77,SELL,0.219827,21:07:23.339177952,no,-,-,-,-,0.100000,10.000000,0.692267,2,1,705,2895,7.500000,1.418400,26000,no
78,SELL,0.259978,21:07:23.339177952,no,-,-,-,-,0.100000,10.000000,0.692267,2,1,711,2889,7.500000,1.406400,26000,no
79,SELL,0.533203,21:07:23.339177952,no,-,-,-,-,0.100000,10.000000,0.692267,2,1,715,2885,7.500000,1.398600,26000,no
80,SELL,0.040502,21:07:23.339177952,no,-,-,-,-,0.100000,10.000000,0.692267,2,1,720,2880,7.500000,1.388800,26000,no
81,SELL,0.249851,21:07:23.339177952,no,-,-,-,-,0.100000,10.000000,0.692267,2,1,724,2876,7.500000,1.381200,26000,no
82,SELL,-0.575926,21:07:23.339177952,yes,22.250000,bid1,1000,00:00:00.000037217,0.100000,10.000000,0.692267,2,1,729,2871,7.500000,2.743400,25000,no
83,SELL,-0.074259,21:07:23.339177952,yes,22.230000,bid1,1000,00:00:00.000065478,0.100000,10.000000,0.692267,2,1,735,2865,7.500000,4.081600,24000,no
84,SELL,-0.303489,21:07:23.339177952,yes,22.230000,bid1,1000,00:00:00.000039157,0.100000,10.000000,0.692267,2,1,739,2861,7.500000,4.059500,24000,no
85,SELL,-0.506619,21:07:23.339177952,yes,22.230000,bid1,1000,00:00:00.000037251,0.100000,10.000000,0.692267,2,1,745,2855,7.500000,6.711400,22000,no
86,SELL,0.253106,21:07:23.339177952,no,-,-,-,-,0.100000,10.000000,0.692267,2,1,750,2850,7.500000,6.666600,22000,no
87,SELL,-0.013321,21:07:23.339177952,no,-,-,-,-,0.100000,10.000000,0.692267,2,1,754,2846,7.500000,6.631200,22000,no
88,SELL,-0.000301,21:07:23.339177952,no,-,-,-,-,0.100000,10.000000,0.692267,2,1,758,2842,7.500000,6.596300,22000,no
89,SELL,0.071125,21:07:23.339177952,no,-,-,-,-,0.100000,10.000000,0.692267,2,1,765,2835,7.500000,6.535900,22000,no
90,SELL,0.743679,21:07:23.339177952,no,-,-,-,-,0.100000,10.000000,0.692267,2,1,768,2832,7.500000,6.510400,22000,no
91,SELL,0.923261,21:07:23.339177952,no,-,-,-,-,0.100000,10.000000,0.692267,2,1,773,2827,7.500000,6.468300,22000,no
92,SELL,0.968971,21:07:23.339177952,no,-,-,-,-,0.100000,10.000000,0.692267,2,1,778,2822,7.500000,6.426700,22000,no
93,SELL,1.217337,21:07:23.339177952,no,-,-,-,-,0.100000,10.000000,0.692267,2,1,784,2816,7.500000,6.377500,22000,no
94,SELL,1.133632,21:07:23.339177952,no,-,-,-,-,0.100000,10.000000,0.692267,2,1,788,2812,7.500000,6.345100,22000,no
95,SELL,1.198813,21:07:23.339177952,no,-,-,-,-,0.100000,10.000000,0.692267,2,1,792,2808,7.500000,6.313100,22000,no
96,SELL,0.846438,21:07:23.339177952,no,-,-,-,-,0.100000,10.000000,0.692267,2,1,797,2803,7.500000,6.273500,22000,no
97,SELL,0.491191,21:07:23.339177952,no,-,-,-,-,0.100000,10.000000,0.692267,2,1,803,2797,7.500000,6.226600,22000,no
98,SELL,0.371245,21:07:23.339177952,no,-,-,-,-,0.100000,10.000000,0.692267,2,1,809,2791,7.500000,6.180400,22000,no
99,SELL,-0.640393,21:07:23.339177952,yes,22.300000,bid1,1000,00:00:00.000036269,0.100000,10.000000,0.692267,2,1,812,2788,7.500000,7.389100,21000,no
100,SELL,0.319512,21:07:23.339177952,no,-,-,-,-,0.100000,10.000000,0.692267,2,1,819,2781,7.500000,7.326000,21000,no
101,SELL,0.336932,21:07:23.339177952,no,-,-,-,-,0.100000,10.000000,0.692267,2,1,823,2777,7.500000,7.290400,21000,no
102,SELL,0.406626,21:07:23.339177952,no,-,-,-,-,0.100000,10.000000,0.692267,2,1,826,2774,7.500000,7.263900,21000,no
103,SELL,-0.146159,21:07:23.339177952,yes,22.270000,bid1,1000,00:00:00.000056740,0.100000,10.000000,0.692267,2,1,832,2768,7.500000,8.413400,20000,no
104,SELL,1.037611,21:07:23.339177952,no,-,-,-,-,0.100000,10.000000,0.692267,2,1,836,2764,7.500000,8.373200,20000,no
105,SELL,0.453400,21:07:23.339177952,no,-,-,-,-,0.100000,10.000000,0.692267,2,1,840,2760,7.500000,8.333300,20000,no
106,SELL,0.761463,21:07:23.339177952,no,-,-,-,-,0.100000,10.000000,0.692267,2,1,845,2755,7.500000,8.284000,20000,no
107,SELL,0.395261,21:07:23.339177952,no,-,-,-,-,0.100000,10.000000,0.692267,2,1,850,2750,7.500000,8.235200,20000,no
108,SELL,0.039894,21:07:23.339177952,no,-,-,-,-,0.100000,10.000000,0.692267,2,1,856,2744,7.500000,8.177500,20000,no
109,SELL,-0.425180,21:07:23.339177952,yes,22.300000,bid1,1000,00:00:00.000040149,0.100000,10.000000,0.692267,2,1,861,2739,7.500000,9.291500,19000,no
110,SELL,-0.260047,21:07:23.339177952,yes,22.300000,bid1,1000,00:00:00.000036237,0.100000,10.000000,0.692267,2,1,864,2736,7.500000,10.416600,18000,no
111,SELL,0.089274,21:07:23.339177952,no,-,-,-,-,0.100000,10.000000,0.692267,2,1,869,2731,7.500000,10.356700,18000,no
112,SELL,-0.571211,21:07:23.339177952,yes,22.300000,bid1,1000,00:00:00.000036000,0.100000,10.000000,0.692267,2,1,875,2725,7.500000,11.428500,17000,no
113,SELL,-0.363574,21:07:23.339177952,yes,22.300000,bid1,1000,00:00:00.000038728,0.100000,10.000000,0.692267,2,1,879,2721,7.500000,12.514200,16000,no
114,SELL,-0.643226,21:07:23.339177952,yes,22.300000,bid1,1000,00:00:00.000038302,0.100000,10.000000,0.692267,2,1,883,2717,7.500000,13.590000,15000,no
115,SELL,-0.365877,21:07:23.339177952,yes,22.280000,bid1,1000,00:00:00.000039106,0.100000,10.000000,0.692267,2,1,890,2710,7.500000,14.606700,14000,no
116,SELL,0.021144,21:07:23.339177952,no,-,-,-,-,0.100000,10.000000,0.692267,2,1,896,2704,7.500000,14.508900,14000,no
117,SELL,0.005286,21:07:23.339177952,no,-,-,-,-,0.100000,10.000000,0.692267,2,1,900,2700,7.500000,14.444400,14000,no
118,SELL,-0.079434,21:07:23.339177952,yes,22.280000,bid1,1000,00:00:00.000037116,0.100000,10.000000,0.692267,2,1,905,2695,7.500000,15.469600,13000,no
119,SELL,-0.126732,21:07:23.339177952,yes,22.280000,bid1,900,00:00:00.000037927,0.110000,9.090909,0.692267,2,1,909,2691,7.500000,16.391600,12100,no
120,SELL,0.034363,21:07:23.339177952,no,-,-,-,-,0.110000,9.090909,0.692267,2,1,1188,2412,7.500000,12.542000,12100,no
121,SELL,-0.078758,21:07:23.339177952,yes,22.340000,bid1,900,00:00:00.000036138,0.110000,9.090909,0.692267,2,1,1193,2407,7.500000,12.489500,12100,no
122,SELL,0.178502,21:07:23.339177952,no,-,-,-,-,0.110000,9.090909,0.692267,2,1,1198,2402,7.500000,12.437300,12100,no
123,SELL,-0.427767,21:07:23.339177952,yes,22.330000,bid1,900,00:00:00.000044819,0.110000,9.090909,0.692267,2,1,1204,2396,7.500000,12.375400,12100,no
124,SELL,-0.287164,21:07:23.339177952,yes,22.330000,bid1,900,00:00:00.000036920,0.110000,9.090909,0.692267,2,1,1210,2390,7.500000,12.314000,12100,no
125,SELL,-0.231721,21:07:23.339177952,yes,22.330000,bid1,900,00:00:00.000045069,0.110000,9.090909,0.692267,2,1,1218,2382,7.500000,12.233100,12100,no
126,SELL,-0.447270,21:07:23.339177952,yes,22.330000,bid1,900,00:00:00.000036289,0.110000,9.090909,0.692267,2,1,1222,2378,7.500000,12.193100,12100,no
127,SELL,-0.261802,21:07:23.339177952,yes,22.320000,bid1,900,00:00:00.000035165,0.110000,9.090909,0.692267,2,1,1228,2372,7.500000,12.133500,12100,no
128,SELL,0.251108,21:07:23.339177952,no,-,-,-,-,0.110000,9.090909,0.692267,2,1,1234,2366,7.500000,12.074500,12100,no
129,SELL,0.211999,21:07:23.339177952,no,-,-,-,-,0.110000,9.090909,0.692267,2,1,1238,2362,7.500000,12.035500,12100,no
130,SELL,0.064329,21:07:23.339177952,no,-,-,-,-,0.110000,9.090909,0.692267,2,1,1244,2356,7.500000,11.977400,12100,no
131,SELL,0.690812,21:07:23.339177952,no,-,-,-,-,0.110000,9.090909,0.692267,2,1,1251,2349,7.500000,11.910400,12100,no
132,SELL,0.545082,21:07:23.339177952,no,-,-,-,-,0.110000,9.090909,0.692267,2,1,1256,2344,7.500000,11.863000,12100,no
133,SELL,-0.161787,21:07:23.339177952,yes,22.300000,bid1,900,00:00:00.000040812,0.110000,9.090909,0.692267,2,1,1263,2337,7.500000,11.797300,12100,no
134,SELL,-0.150341,21:07:23.339177952,yes,22.310000,bid1,900,00:00:00.000037025,0.110000,9.090909,0.692267,2,1,1268,2332,7.500000,11.750700,12100,no
135,SELL,0.001835,21:07:23.339177952,no,-,-,-,-,0.110000,9.090909,0.692267,2,1,1273,2327,7.500000,11.704600,12100,no
136,SELL,-0.327310,21:07:23.339177952,yes,22.310000,bid1,900,00:00:00.000036073,0.110000,9.090909,0.692267,2,1,1277,2323,7.500000,11.667900,12100,no
137,SELL,-0.212386,21:07:23.339177952,yes,22.290000,bid1,900,00:00:00.000036758,0.110000,9.090909,0.692267,2,1,1286,2314,7.500000,11.586300,12100,no
138,SELL,-0.578012,21:07:23.339177952,yes,22.300000,bid1,900,00:00:00.000035120,0.110000,9.090909,0.692267,2,1,1293,2307,7.500000,11.523500,12100,no
139,SELL,-0.390690,21:07:23.339177952,yes,22.300000,bid1,900,00:00:00.000036505,0.110000,9.090909,0.692267,2,1,1299,2301,7.500000,11.470300,12100,no
140,SELL,0.028558,21:07:23.339177952,no,-,-,-,-,0.110000,9.090909,0.692267,2,1,1304,2296,7.500000,11.426300,12100,no
141,SELL,-0.072388,21:07:23.339177952,no,-,-,-,-,0.110000,9.090909,0.692267,2,1,1312,2288,7.500000,11.356700,12100,no
142,SELL,-0.022493,21:07:23.339177952,no,-,-,-,-,0.110000,9.090909,0.692267,2,1,1315,2285,7.500000,11.330700,12100,no
143,SELL,-0.262529,21:07:23.339177952,yes,22.290000,bid1,900,00:00:00.000036572,0.110000,9.090909,0.692267,2,1,1321,2279,7.500000,11.279300,12100,no
144,SELL,-0.083810,21:07:23.339177952,yes,22.280000,bid1,900,00:00:00.000037291,0.110000,9.090909,0.692267,2,1,1328,2272,7.500000,11.219800,12100,no
145,SELL,-0.312991,21:07:23.339177952,yes,22.280000,bid1,900,00:00:00.000037246,0.110000,9.090909,0.692267,2,1,1335,2265,7.500000,11.161000,12100,no
146,SELL,-0.325558,21:07:23.339177952,yes,22.280000,bid1,900,00:00:00.000036797,0.110000,9.090909,0.692267,2,1,1341,2259,7.500000,11.111100,12100,no
147,SELL,0.036239,21:07:23.339177952,no,-,-,-,-,0.110000,9.090909,0.692267,2,1,1345,2255,7.500000,11.078000,12100,no
148,SELL,0.351157,21:07:23.339177952,no,-,-,-,-,0.110000,9.090909,0.692267,2,1,1350,2250,7.500000,11.037000,12100,no
149,SELL,-0.223060,21:07:23.339177952,yes,22.290000,bid1,900,00:00:00.000036253,0.110000,9.090909,0.692267,2,1,1355,2245,7.500000,10.996300,12100,no
150,SELL,-0.051173,21:07:23.339177952,no,-,-,-,-,0.110000,9.090909,0.692267,2,1,1359,2241,7.500000,10.963900,12100,no
151,SELL,0.120775,21:07:23.339177952,no,-,-,-,-,0.110000,9.090909,0.692267,2,1,1364,2236,7.500000,10.923700,12100,no
152,SELL,0.626719,21:07:23.339177952,no,-,-,-,-,0.110000,9.090909,0.692267,2,1,1370,2230,7.500000,10.875900,12100,no
153,SELL,0.551165,21:07:23.339177952,no,-,-,-,-,0.110000,9.090909,0.692267,2,1,1376,2224,7.500000,10.828400,12100,no
154,SELL,0.419784,21:07:23.339177952,no,-,-,-,-,0.110000,9.090909,0.692267,2,1,1382,2218,7.500000,10.781400,12100,no
155,SELL,-0.533098,21:07:23.339177952,yes,22.280000,bid1,900,00:00:00.000046095,0.110000,9.090909,0.692267,2,1,1387,2213,7.500000,10.742600,12100,no
156,SELL,-0.593626,21:07:23.339177952,yes,22.290000,bid1,900,00:00:00.000036472,0.110000,9.090909,0.692267,2,1,1391,2209,7.500000,10.711700,12100,no
157,SELL,-0.597795,21:07:23.339177952,yes,22.290000,bid1,900,00:00:00.000035584,0.110000,9.090909,0.692267,2,1,1395,2205,7.500000,10.681000,12100,no
158,SELL,-0.440504,21:07:23.339177952,yes,22.290000,bid1,900,00:00:00.000036794,0.110000,9.090909,0.692267,2,1,1401,2199,7.500000,10.635200,12100,no
159,SELL,0.378926,21:07:23.339177952,no,-,-,-,-,0.110000,9.090909,0.692267,2,1,1406,2194,7.500000,10.597400,12100,no
160,SELL,0.931943,21:07:23.339177952,no,-,-,-,-,0.110000,9.090909,0.692267,2,1,1410,2190,7.500000,10.567300,12100,no
161,SELL,1.213438,21:07:23.339177952,no,-,-,-,-,0.110000,9.090909,0.692267,2,1,1415,2185,7.500000,10.530000,12100,no
162,SELL,0.949577,21:07:23.339177952,no,-,-,-,-,0.110000,9.090909,0.692267,2,1,1417,2183,7.500000,10.515100,12100,no
163,SELL,0.969821,21:07:23.339177952,no,-,-,-,-,0.110000,9.090909,0.692267,2,1,1420,2180,7.500000,10.492900,12100,no
164,SELL,1.244235,21:07:23.339177952,no,-,-,-,-,0.110000,9.090909,0.692267,2,1,1424,2176,7.500000,10.463400,12100,no
165,SELL,0.816913,21:07:23.339177952,no,-,-,-,-,0.110000,9.090909,0.692267,2,1,1427,2173,7.500000,10.441400,12100,no
166,SELL,-0.262559,21:07:23.339177952,yes,22.310000,bid1,900,00:00:00.000035621,0.110000,9.090909,0.692267,2,1,1433,2167,7.500000,10.397700,12100,no
167,SELL,-0.077354,21:07:23.339177952,yes,22.310000,bid1,900,00:00:00.000035927,0.110000,9.090909,0.692267,2,1,1438,2162,7.500000,10.361600,12100,no
168,SELL,0.202457,21:07:23.339177952,no,-,-,-,-,0.110000,9.090909,0.692267,2,1,1443,2157,7.500000,10.325700,12100,no
169,SELL,0.420831,21:07:23.339177952,no,-,-,-,-,0.110000,9.090909,0.692267,2,1,1450,2150,7.500000,10.275800,12100,no
170,SELL,0.322359,21:07:23.339177952,no,-,-,-,-,0.110000,9.090909,0.692267,2,1,1452,2148,7.500000,10.261700,12100,no
171,SELL,0.294070,21:07:23.339177952,no,-,-,-,-,0.110000,9.090909,0.692267,2,1,1457,2143,7.500000,10.226400,12100,no
172,SELL,-0.035165,21:07:23.339177952,no,-,-,-,-,0.110000,9.090909,0.692267,2,1,1462,2138,7.500000,10.191500,12100,no
173,SELL,0.096085,21:07:23.339177952,no,-,-,-,-,0.110000,9.090909,0.692267,2,1,1466,2134,7.500000,10.163700,12100,no
174,SELL,0.054416,21:07:23.339177952,no,-,-,-,-,0.110000,9.090909,0.692267,2,1,1472,2128,7.500000,10.122200,12100,no
175,SELL,-0.157211,21:07:23.339177952,yes,22.310000,bid1,900,00:00:00.000046747,0.110000,9.090909,0.692267,2,1,1477,2123,7.500000,10.088000,12100,no
176,SELL,-0.165099,21:07:23.339177952,yes,22.310000,bid1,900,00:00:00.000038162,0.110000,9.090909,0.692267,2,1,1481,2119,7.500000,10.060700,12100,no
177,SELL,0.139358,21:07:23.339177952,no,-,-,-,-,0.110000,9.090909,0.692267,2,1,1485,2115,7.500000,10.033600,12100,no
178,SELL,-0.119795,21:07:23.339177952,yes,22.300000,bid1,900,00:00:00.000064172,0.110000,9.090909,0.692267,2,1,1490,2110,7.500000,10.000000,12100,no
179,SELL,0.230067,21:07:23.339177952,no,-,-,-,-,0.110000,9.090909,0.692267,2,1,1497,2103,7.500000,9.953200,12100,no
180,SELL,0.066291,21:07:23.339177952,no,-,-,-,-,0.110000,9.090909,0.692267,2,1,1503,2097,7.500000,9.913500,12100,no
181,SELL,0.022711,21:07:23.339177952,no,-,-,-,-,0.110000,9.090909,0.692267,2,1,1507,2093,7.500000,9.887100,12100,no
182,SELL,-0.225460,21:07:23.339177952,yes,22.300000,bid1,900,00:00:00.000036023,0.110000,9.090909,0.692267,2,1,1514,2086,7.500000,9.841400,12100,no
183,SELL,-0.128018,21:07:23.339177952,yes,22.300000,bid1,900,00:00:00.000043442,0.110000,9.090909,0.692267,2,1,1518,2082,7.500000,9.815500,12100,no
184,SELL,-0.260327,21:07:23.339177952,yes,22.300000,bid1,900,00:00:00.000035237,0.110000,9.090909,0.692267,2,1,1523,2077,7.500000,9.783300,12100,no
185,SELL,-0.416579,21:07:23.339177952,yes,22.300000,bid1,900,00:00:00.000037406,0.110000,9.090909,0.692267,2,1,1527,2073,7.500000,9.757600,12100,no
186,SELL,-0.101589,21:07:23.339177952,yes,22.290000,bid1,900,00:00:00.000036695,0.110000,9.090909,0.692267,2,1,1531,2069,7.500000,9.732200,12100,no
187,SELL,-0.654512,21:07:23.339177952,yes,22.280000,bid1,900,00:00:00.000036090,0.110000,9.090909,0.692267,2,1,1538,2062,7.500000,9.687900,12100,no
188,SELL,-0.634861,21:07:23.339177952,yes,22.280000,bid1,900,00:00:00.000042299,0.110000,9.090909,0.692267,2,1,1544,2056,7.500000,9.650200,12100,no
189,SELL,-0.855494,21:07:23.339177952,yes,22.280000,bid1,900,00:00:00.000037310,0.110000,9.090909,0.692267,2,1,1547,2053,7.500000,9.631500,12100,no
190,SELL,-0.727250,21:07:23.339177952,yes,22.270000,bid1,900,00:00:00.000037783,0.110000,9.090909,0.692267,2,1,1550,2050,7.500000,9.612900,12100,no
191,SELL,-0.538312,21:07:23.339177952,yes,22.260000,bid1,900,00:00:00.000036576,0.110000,9.090909,0.692267,2,1,1554,2046,7.500000,9.588100,12100,no
192,SELL,-0.760990,21:07:23.339177952,yes,22.260000,bid1,900,00:00:00.000044564,0.110000,9.090909,0.692267,2,1,1561,2039,7.500000,9.545100,12100,no
193,SELL,-0.607718,21:07:23.339177952,yes,22.260000,bid1,900,00:00:00.000037060,0.110000,9.090909,0.692267,2,1,1566,2034,7.500000,9.514600,12100,no
194,SELL,-0.605869,21:07:23.339177952,yes,22.260000,bid1,900,00:00:00.000037221,0.110000,9.090909,0.692267,2,1,1570,2030,7.500000,9.490400,12100,no
195,SELL,-0.481135,21:07:23.339177952,yes,22.260000,bid1,900,00:00:00.000037379,0.110000,9.090909,0.692267,2,1,1576,2024,7.500000,9.454300,12100,no
196,SELL,-0.389817,21:07:23.339177952,yes,22.260000,bid1,900,00:00:00.000043642,0.110000,9.090909,0.692267,2,1,1582,2018,7.500000,9.418400,12100,no
197,SELL,-0.474343,21:07:23.339177952,yes,22.260000,bid1,900,00:00:00.000037564,0.110000,9.090909,0.692267,2,1,1586,2014,7.500000,9.394700,12100,no
198,SELL,-0.363975,21:07:23.339177952,yes,22.270000,bid1,900,00:00:00.000036270,0.110000,9.090909,0.692267,2,1,1590,2010,7.500000,9.371000,12100,no
199,SELL,0.031993,21:07:23.339177952,no,-,-,-,-,0.110000,9.090909,0.692267,2,1,1595,2005,7.500000,9.341600,12100,no
200,SELL,-0.527562,21:07:23.339177952,yes,22.250000,bid1,900,00:00:00.000038021,0.110000,9.090909,0.692267,2,1,1601,1999,7.500000,9.306600,12100,no
201,SELL,-0.475297,21:07:23.339177952,yes,22.240000,bid1,900,00:00:00.000037312,0.110000,9.090909,0.692267,2,1,1605,1995,7.500000,9.283400,12100,no
202,SELL,-0.375015,21:07:23.339177952,yes,22.230000,bid1,900,00:00:00.000036577,0.110000,9.090909,0.692267,2,1,1609,1991,7.500000,9.260400,12100,no
203,SELL,0.054777,21:07:23.339177952,no,-,-,-,-,0.110000,9.090909,0.692267,2,1,1615,1985,7.500000,9.226000,12100,no
204,SELL,0.300962,21:07:23.339177952,no,-,-,-,-,0.110000,9.090909,0.692267,2,1,1619,1981,7.500000,9.203200,12100,no
205,SELL,-0.052609,21:07:23.339177952,no,-,-,-,-,0.110000,9.090909,0.692267,2,1,1623,1977,7.500000,9.180500,12100,no
206,SELL,-0.329659,21:07:23.339177952,yes,22.220000,bid1,900,00:00:00.000037436,0.110000,9.090909,0.692267,2,1,1629,1971,7.500000,9.146700,12100,no
207,SELL,-0.237499,21:07:23.339177952,yes,22.220000,bid1,900,00:00:00.000036881,0.110000,9.090909,0.692267,2,1,1634,1966,7.500000,9.118700,12100,no
208,SELL,-0.209055,21:07:23.339177952,yes,22.220000,bid1,900,00:00:00.000037464,0.110000,9.090909,0.692267,2,1,1639,1961,7.500000,9.090900,12100,no
209,SELL,-0.168831,21:07:23.339177952,yes,22.230000,bid1,900,00:00:00.000037090,0.110000,9.090909,0.692267,2,1,1644,1956,7.500000,9.063200,12100,no
210,SELL,-0.105058,21:07:23.339177952,yes,22.230000,bid1,900,00:00:00.000046459,0.110000,9.090909,0.692267,2,1,1647,1953,7.500000,9.046700,12100,no
211,SELL,-0.195965,21:07:23.339177952,yes,22.230000,bid1,900,00:00:00.000035738,0.110000,9.090909,0.692267,2,1,1651,1949,7.500000,9.024800,12100,no
212,SELL,0.460652,21:07:23.339177952,no,-,-,-,-,0.110000,9.090909,0.692267,2,1,1655,1945,7.500000,9.003000,12100,no
213,SELL,0.228987,21:07:23.339177952,no,-,-,-,-,0.110000,9.090909,0.692267,2,1,1660,1940,7.500000,8.975900,12100,no
214,SELL,0.379978,21:07:23.339177952,no,-,-,-,-,0.110000,9.090909,0.692267,2,1,1664,1936,7.500000,8.954300,12100,no
215,SELL,0.221458,21:07:23.339177952,no,-,-,-,-,0.110000,9.090909,0.692267,2,1,1667,1933,7.500000,8.938200,12100,no
216,SELL,0.456400,21:07:23.339177952,no,-,-,-,-,0.110000,9.090909,0.692267,2,1,1671,1929,7.500000,8.916800,12100,no
217,SELL,1.158882,21:07:23.339177952,yes,22.360000,ask1,12100,00:00:00.000024987,0.100000,10.000000,0.692267,2,1,4932,-1332,7.500000,3.021000,12100,yes
218,SELL,2.095768,21:07:23.339177952,yes,22.370000,ask1,12100,00:00:00.000025519,0.100000,10.000000,0.692267,2,1,4938,-1338,7.500000,3.017400,12100,yes
219,SELL,1.936317,21:07:23.339177952,yes,22.370000,ask1,12100,00:00:00.000023389,0.100000,10.000000,0.692267,2,1,4944,-1344,7.500000,3.013700,12100,yes
220,SELL,1.696270,21:07:23.339177952,yes,22.370000,ask1,12100,00:00:00.000025454,0.100000,10.000000,0.692267,2,1,4951,-1351,7.500000,3.009400,12100,yes
221,SELL,0.775689,21:07:23.339177952,yes,22.410000,ask1,12100,00:00:00.000024140,0.100000,10.000000,0.692267,2,1,4956,-1356,7.500000,3.006400,12100,yes
222,SELL,1.287594,21:07:23.339177952,yes,22.400000,ask1,12100,00:00:00.000023783,0.100000,10.000000,0.692267,2,1,4962,-1362,7.500000,3.002800,12100,yes
223,SELL,0.927604,21:07:23.339177952,yes,22.390000,ask1,12100,00:00:00.000023917,0.100000,10.000000,0.692267,2,1,4967,-1367,7.500000,2.999700,12100,yes
224,SELL,0.645166,21:07:23.339177952,yes,22.390000,ask1,12100,00:00:00.000023635,0.100000,10.000000,0.692267,2,1,4975,-1375,7.500000,2.994900,12100,yes
225,SELL,1.592537,21:07:23.339177952,yes,22.390000,ask1,12100,00:00:00.000023927,0.100000,10.000000,0.692267,2,1,4982,-1382,7.500000,2.990700,12100,yes
226,SELL,0.846339,21:07:23.339177952,yes,22.400000,ask1,12100,00:00:00.000023229,0.100000,10.000000,0.692267,2,1,4987,-1387,7.500000,2.987700,12100,yes
227,SELL,0.767101,21:07:23.339177952,yes,22.400000,ask1,12100,00:00:00.000025129,0.100000,10.000000,0.692267,2,1,4995,-1395,7.500000,2.982900,12100,yes
228,SELL,0.668159,21:07:23.339177952,yes,22.390000,ask1,12100,00:00:00.000024981,0.100000,10.000000,0.692267,2,1,5001,-1401,7.500000,2.979400,12100,yes
229,SELL,0.501362,21:07:23.339177952,yes,22.390000,ask1,12100,00:00:00.000025694,0.100000,10.000000,0.692267,2,1,5007,-1407,7.500000,2.975800,12100,yes
230,SELL,-0.294318,21:07:23.339177952,yes,22.370000,bid1,12100,00:00:00.000025711,0.100000,10.000000,0.692267,2,1,5014,-1414,7.500000,2.971600,12100,yes
231,SELL,0.962789,21:07:23.339177952,yes,22.370000,ask1,12100,00:00:00.000025152,0.100000,10.000000,0.692267,2,1,5018,-1418,7.500000,2.969300,12100,yes
232,SELL,0.304674,21:07:23.339177952,yes,22.390000,ask1,12100,00:00:00.000025621,0.100000,10.000000,0.692267,2,1,5023,-1423,7.500000,2.966300,12100,yes
233,SELL,1.074891,21:07:23.339177952,yes,22.380000,ask1,12100,00:00:00.000025832,0.100000,10.000000,0.692267,2,1,5029,-1429,7.500000,2.962800,12100,yes
234,SELL,0.814786,21:07:23.339177952,yes,22.390000,ask1,12100,00:00:00.000024546,0.100000,10.000000,0.692267,2,1,5033,-1433,7.500000,2.960400,12100,yes
235,SELL,1.729768,21:07:23.339177952,yes,22.410000,ask1,12100,00:00:00.000026652,0.100000,10.000000,0.692267,2,1,5038,-1438,7.500000,2.957500,12100,yes
236,SELL,0.928491,21:07:23.339177952,yes,22.400000,ask1,12100,00:00:00.000024825,0.100000,10.000000,0.692267,2,1,5044,-1444,7.500000,2.954000,12100,yes
237,SELL,1.452402,21:07:23.339177952,no,-,-,-,-,0.100000,10.000000,0.692267,2,1,5050,-1450,7.500000,2.950400,12100,yes
238,SELL,1.207646,21:07:23.339177952,no,-,-,-,-,0.100000,10.000000,0.692267,2,1,5056,-1456,7.500000,2.946900,12100,yes
239,SELL,1.086326,21:07:23.339177952,no,-,-,-,-,0.100000,10.000000,0.692267,2,1,5061,-1461,7.500000,2.944000,12100,yes
240,SELL,0.554583,21:07:23.339177952,no,-,-,-,-,0.100000,10.000000,0.692267,2,1,5066,-1466,7.500000,2.941100,12100,yes
241,SELL,0.337686,21:07:23.339177952,no,-,-,-,-,0.100000,10.000000,0.692267,2,1,5069,-1469,7.500000,2.939400,12100,yes
242,SELL,0.433590,21:07:23.339177952,yes,22.380000,ask1,12100,00:00:00.000025312,0.100000,10.000000,0.692267,2,1,5073,-1473,7.500000,5.874200,-2800,yes
