轮数,方向,预测值,算法开始时间,是否下单,下单价格,档位,下单量,下单耗时(从预测到下单),r1,r2,std,freq,qty_scalar,经过时间,剩余时间,目标速度,实际速度,剩余量,是否为最后一轮
1,SELL,-1.490069,21:07:23.339960854,yes,18.360000,bid1,100,00:00:00.000049436,0.909091,1.100000,0.651107,2,1,333,3267,16.250000,0.300300,58400,no
2,SELL,-1.931198,21:07:23.339960854,yes,18.360000,bid1,100,00:00:00.000035312,0.826446,1.210000,0.651107,2,1,337,3263,16.250000,0.593400,58300,no
3,SELL,2.316450,21:07:23.339960854,no,-,-,-,-,0.751315,1.331000,0.651107,2,1,342,3258,16.250000,0.584700,58300,no
4,SELL,-0.357846,21:07:23.339960854,no,-,-,-,-,0.683013,1.464100,0.651107,2,1,348,3252,16.250000,0.574700,58300,no
5,SELL,-0.714729,21:07:23.339960854,yes,18.380000,bid1,100,00:00:00.000037748,0.620921,1.610510,0.651107,2,1,352,3248,16.250000,0.852200,58200,no
6,SELL,-1.132746,21:07:23.339960854,yes,18.380000,bid1,100,00:00:00.000047089,0.564474,1.771561,0.651107,2,1,358,3242,16.250000,1.117300,58100,no
7,SELL,-1.545003,21:07:23.339960854,yes,18.370000,bid1,100,00:00:00.000039246,0.513158,1.948717,0.651107,2,1,361,3239,16.250000,1.385000,58000,no
8,SELL,-2.095453,21:07:23.339960854,yes,18.380000,bid1,200,00:00:00.000037789,0.466507,2.143589,0.651107,2,1,367,3233,16.250000,1.362300,58000,no
9,SELL,-2.009578,21:07:23.339960854,yes,18.380000,bid1,200,00:00:00.000036476,0.424098,2.357948,0.651107,2,1,371,3229,16.250000,1.886700,57800,no
10,SELL,-4.044153,21:07:23.339960854,yes,18.370000,bid1,200,00:00:00.000036561,0.385543,2.593742,0.651107,2,1,375,3225,16.250000,2.933300,57400,no
11,SELL,-4.055949,21:07:23.339960854,yes,18.360000,bid1,200,00:00:00.000051481,0.350494,2.853117,0.651107,2,1,381,3219,16.250000,3.412000,57200,no
12,SELL,-3.616337,21:07:23.339960854,yes,18.330000,bid1,300,00:00:00.000037136,0.318631,3.138428,0.651107,2,1,385,3215,16.250000,4.155800,56900,no
13,SELL,-1.593548,21:07:23.339960854,yes,18.270000,bid1,300,00:00:00.000037726,0.289664,3.452271,0.651107,2,1,392,3208,16.250000,4.081600,56900,no
14,SELL,-3.819453,21:07:23.339960854,yes,18.360000,bid1,300,00:00:00.000037281,0.263331,3.797498,0.651107,2,1,397,3203,16.250000,4.785800,56600,no
15,SELL,-1.831609,21:07:23.339960854,yes,18.270000,bid1,400,00:00:00.000037168,0.239392,4.177248,0.651107,2,1,401,3199,16.250000,6.483700,55900,no
16,SELL,-3.118508,21:07:23.339960854,yes,18.310000,bid1,400,00:00:00.000040580,0.217629,4.594973,0.651107,2,1,406,3194,16.250000,7.389100,55500,no
17,SELL,-0.844370,21:07:23.339960854,yes,18.270000,bid1,500,00:00:00.000038996,0.197845,5.054470,0.651107,2,1,410,3190,16.250000,8.536500,55000,no
18,SELL,-1.878312,21:07:23.339960854,yes,18.300000,bid1,500,00:00:00.000039881,0.179859,5.559917,0.651107,2,1,413,3187,16.250000,9.685200,54500,no
19,SELL,-1.588057,21:07:23.339960854,yes,18.300000,bid1,600,00:00:00.000037225,0.163508,6.115909,0.651107,2,1,418,3182,16.250000,9.569300,54500,no
20,SELL,-1.379602,21:07:23.339960854,yes,18.310000,bid1,600,00:00:00.000041350,0.148644,6.727500,0.651107,2,1,423,3177,16.250000,10.874700,53900,no
21,SELL,-1.685212,21:07:23.339960854,yes,18.290000,bid1,700,00:00:00.000055351,0.135131,7.400250,0.651107,2,1,428,3172,16.250000,12.149500,53300,no
22,SELL,-2.046673,21:07:23.339960854,yes,18.270000,bid1,800,00:00:00.000037895,0.122846,8.140275,0.651107,2,1,432,3168,16.250000,13.657400,52600,no
23,SELL,-2.651331,21:07:23.339960854,yes,18.300000,bid1,800,00:00:00.000037785,0.111678,8.954302,0.651107,2,1,438,3162,16.250000,17.123200,51000,no
24,SELL,-2.056983,21:07:23.339960854,yes,18.300000,bid1,800,00:00:00.000036984,0.111678,8.954302,0.651107,2,1,443,3157,16.250000,16.930000,51000,no
25,SELL,-1.863856,21:07:23.339960854,yes,18.300000,bid1,800,00:00:00.000040136,0.111678,8.954302,0.651107,2,1,447,3153,16.250000,18.568200,50200,no
26,SELL,-1.487444,21:07:23.339960854,yes,18.280000,bid1,800,00:00:00.000041374,0.111678,8.954302,0.651107,2,1,451,3149,16.250000,20.177300,49400,no
27,SELL,-1.746113,21:07:23.339960854,yes,18.280000,bid1,800,00:00:00.000035402,0.111678,8.954302,0.651107,2,1,457,3143,16.250000,21.663000,48600,no
28,SELL,-0.902158,21:07:23.339960854,yes,18.280000,bid1,800,00:00:00.000037891,0.111678,8.954302,0.651107,2,1,463,3137,16.250000,24.838000,47000,no
29,SELL,-0.930669,21:07:23.339960854,yes,18.270000,bid1,800,00:00:00.000037686,0.111678,8.954302,0.651107,2,1,465,3135,16.250000,26.451600,46200,no
30,SELL,-0.553059,21:07:23.339960854,yes,18.270000,bid1,800,00:00:00.000042677,0.111678,8.954302,0.651107,2,1,471,3129,16.250000,27.813100,45400,no
31,SELL,-1.737392,21:07:23.339960854,yes,18.290000,bid1,800,00:00:00.000075919,0.111678,8.954302,0.651107,2,1,474,3126,16.250000,27.637100,45400,no
32,SELL,-1.707175,21:07:23.339960854,yes,18.270000,bid1,800,00:00:00.000035393,0.111678,8.954302,0.651107,2,1,480,3120,16.250000,30.625000,43800,no
33,SELL,-1.482653,21:07:23.339960854,yes,18.270000,bid1,800,00:00:00.000037269,0.111678,8.954302,0.651107,2,1,485,3115,16.250000,31.958700,43000,no
34,SELL,-0.066980,21:07:23.339960854,no,-,-,-,-,0.111678,8.954302,0.651107,2,1,489,3111,16.250000,31.697300,43000,no
35,SELL,-0.239108,21:07:23.339960854,yes,18.350000,bid1,800,00:00:00.000035595,0.111678,8.954302,0.651107,2,1,493,3107,16.250000,31.440100,43000,no
36,SELL,-0.770447,21:07:23.339960854,yes,18.350000,bid1,800,00:00:00.000040311,0.122846,8.140275,0.651107,2,1,499,3101,16.250000,32.665300,42200,no
37,SELL,-0.036933,21:07:23.339960854,no,-,-,-,-,0.135131,7.400250,0.651107,2,1,503,3097,16.250000,33.996000,41400,no
38,SELL,-1.432206,21:07:23.339960854,yes,18.350000,bid1,600,00:00:00.000036491,0.148644,6.727500,0.651107,2,1,508,3092,16.250000,34.842500,40800,no
39,SELL,-1.988550,21:07:23.339960854,yes,18.350000,bid1,600,00:00:00.000043898,0.163508,6.115909,0.651107,2,1,512,3088,16.250000,34.570300,40800,no
40,SELL,-2.967393,21:07:23.339960854,yes,18.370000,bid1,500,00:00:00.000036624,0.179859,5.559917,0.651107,2,1,518,3082,16.250000,35.328100,40200,no
41,SELL,-2.634953,21:07:23.339960854,yes,18.370000,bid1,500,00:00:00.000053254,0.197845,5.054470,0.651107,2,1,523,3077,16.250000,36.902400,39200,no
42,SELL,-1.705705,21:07:23.339960854,yes,18.380000,bid1,400,00:00:00.000036489,0.217629,4.594973,0.651107,2,1,528,3072,16.250000,37.310600,38800,no
43,SELL,-0.903461,21:07:23.339960854,yes,18.370000,bid1,400,00:00:00.000036894,0.239392,4.177248,0.651107,2,1,532,3068,16.250000,37.030000,38800,no
44,SELL,-2.000839,21:07:23.339960854,yes,18.420000,bid1,300,00:00:00.000036656,0.263331,3.797498,0.651107,2,1,537,3063,16.250000,37.430100,38400,no
45,SELL,-1.472984,21:07:23.339960854,yes,18.400000,bid1,300,00:00:00.000040331,0.289664,3.452271,0.651107,2,1,543,3057,16.250000,38.121500,37800,no
46,SELL,0.468034,21:07:23.339960854,no,-,-,-,-,0.318631,3.138428,0.651107,2,1,548,3052,16.250000,37.773700,37800,no
47,SELL,0.144446,21:07:23.339960854,no,-,-,-,-,0.350494,2.853117,0.651107,2,1,554,3046,16.250000,37.364600,37800,no
48,SELL,-0.629559,21:07:23.339960854,yes,18.390000,bid1,200,00:00:00.000036664,0.385543,2.593742,0.651107,2,1,557,3043,16.250000,37.522400,37600,no
49,SELL,-0.777095,21:07:23.339960854,yes,18.420000,bid1,200,00:00:00.000037910,0.424098,2.357948,0.651107,2,1,563,3037,16.250000,37.122500,37600,no
50,SELL,-2.027266,21:07:23.339960854,yes,18.420000,bid1,200,00:00:00.000038763,0.466507,2.143589,0.651107,2,1,569,3031,16.250000,37.434000,37200,no
51,SELL,-1.408174,21:07:23.339960854,yes,18.420000,bid1,100,00:00:00.000039261,0.513158,1.948717,0.651107,2,1,574,3026,16.250000,37.282200,37100,no
52,SELL,-1.330155,21:07:23.339960854,yes,18.400000,bid1,100,00:00:00.000035709,0.564474,1.771561,0.651107,2,1,577,3023,16.250000,37.088300,37100,no
53,SELL,-2.986928,21:07:23.339960854,yes,18.430000,bid1,100,00:00:00.000067306,0.620921,1.610510,0.651107,2,1,583,3017,16.250000,37.049700,36900,no
54,SELL,-3.615927,21:07:23.339960854,yes,18.420000,bid1,100,00:00:00.000036501,0.683013,1.464100,0.651107,2,1,587,3013,16.250000,36.797200,36900,no
55,SELL,-2.484756,21:07:23.339960854,yes,18.410000,bid1,100,00:00:00.000035894,0.751315,1.331000,0.651107,2,1,593,3007,16.250000,36.762200,36700,no
56,SELL,-2.034456,21:07:23.339960854,yes,18.400000,bid1,100,00:00:00.000036856,0.826446,1.210000,0.651107,2,1,597,3003,16.250000,36.515900,36700,no
57,SELL,-1.321369,21:07:23.339960854,yes,18.400000,bid1,100,00:00:00.000043041,0.909091,1.100000,0.651107,2,1,604,2996,16.250000,36.258200,36600,no
58,SELL,-1.881087,21:07:23.339960854,no,-,-,-,-,1.000000,1.000000,0.651107,2,1,609,2991,16.250000,36.124700,36500,no
59,SELL,-2.130952,21:07:23.339960854,no,-,-,-,-,1.100000,0.909091,0.651107,2,1,615,2985,16.250000,35.772300,36500,no
60,SELL,-1.599213,21:07:23.339960854,no,-,-,-,-,1.210000,0.826446,0.651107,2,1,620,2980,16.250000,35.483800,36500,no
61,SELL,-1.223729,21:07:23.339960854,no,-,-,-,-,1.331000,0.751315,0.651107,2,1,624,2976,16.250000,35.256400,36500,no
62,SELL,-0.915200,21:07:23.339960854,no,-,-,-,-,1.464100,0.683013,0.651107,2,1,630,2970,16.250000,34.920600,36500,no
63,SELL,-1.511550,21:07:23.339960854,no,-,-,-,-,1.610510,0.620921,0.651107,2,1,636,2964,16.250000,34.591100,36500,no
64,SELL,-1.359264,21:07:23.339960854,no,-,-,-,-,1.771561,0.564474,0.651107,2,1,640,2960,16.250000,34.375000,36500,no
65,SELL,-1.454816,21:07:23.339960854,no,-,-,-,-,1.948717,0.513158,0.651107,2,1,643,2957,16.250000,34.214600,36500,no
66,SELL,-1.745376,21:07:23.339960854,no,-,-,-,-,2.143589,0.466507,0.651107,2,1,649,2951,16.250000,33.898300,36500,no
67,SELL,-1.945276,21:07:23.339960854,no,-,-,-,-,2.357948,0.424098,0.651107,2,1,653,2947,16.250000,33.690600,36500,no
68,SELL,-1.602856,21:07:23.339960854,no,-,-,-,-,2.593742,0.385543,0.651107,2,1,658,2942,16.250000,33.434600,36500,no
69,SELL,-1.547525,21:07:23.339960854,no,-,-,-,-,2.853117,0.350494,0.651107,2,1,664,2936,16.250000,33.132500,36500,no
70,SELL,-1.238876,21:07:23.339960854,no,-,-,-,-,3.138428,0.318631,0.651107,2,1,669,2931,16.250000,32.884900,36500,no
71,SELL,-0.559803,21:07:23.339960854,no,-,-,-,-,3.452271,0.289664,0.651107,2,1,673,2927,16.250000,32.689400,36500,no
72,SELL,-0.014099,21:07:23.339960854,no,-,-,-,-,3.452271,0.289664,0.651107,2,1,679,2921,16.250000,32.400500,36500,no
73,SELL,-0.595522,21:07:23.339960854,no,-,-,-,-,3.452271,0.289664,0.651107,2,1,682,2918,16.250000,32.258000,36500,no
74,SELL,-4.349045,21:07:23.339960854,no,-,-,-,-,3.452271,0.289664,0.651107,2,1,688,2912,16.250000,31.976700,36500,no
75,SELL,-2.282029,21:07:23.339960854,no,-,-,-,-,3.452271,0.289664,0.651107,2,1,693,2907,16.250000,31.746000,36500,no
76,SELL,-3.185431,21:07:23.339960854,no,-,-,-,-,3.452271,0.289664,0.651107,2,1,700,2900,16.250000,31.428500,36500,no
77,SELL,-2.681052,21:07:23.339960854,no,-,-,-,-,3.452271,0.289664,0.651107,2,1,706,2894,16.250000,31.161400,36500,no
78,SELL,-2.256533,21:07:23.339960854,no,-,-,-,-,3.452271,0.289664,0.651107,2,1,711,2889,16.250000,30.942300,36500,no
79,SELL,-1.793140,21:07:23.339960854,no,-,-,-,-,3.452271,0.289664,0.651107,2,1,716,2884,16.250000,30.726200,36500,no
80,SELL,-1.247897,21:07:23.339960854,no,-,-,-,-,3.452271,0.289664,0.651107,2,1,720,2880,16.250000,30.555500,36500,no
81,SELL,-1.552233,21:07:23.339960854,no,-,-,-,-,3.452271,0.289664,0.651107,2,1,725,2875,16.250000,30.344800,36500,no
82,SELL,-0.980269,21:07:23.339960854,no,-,-,-,-,3.452271,0.289664,0.651107,2,1,730,2870,16.250000,30.136900,36500,no
83,SELL,-1.499012,21:07:23.339960854,no,-,-,-,-,3.452271,0.289664,0.651107,2,1,737,2863,16.250000,29.850700,36500,no
84,SELL,-1.271200,21:07:23.339960854,no,-,-,-,-,3.452271,0.289664,0.651107,2,1,740,2860,16.250000,29.729700,36500,no
85,SELL,-3.115549,21:07:23.339960854,no,-,-,-,-,3.452271,0.289664,0.651107,2,1,746,2854,16.250000,29.490600,36500,no
86,SELL,-1.460841,21:07:23.339960854,no,-,-,-,-,3.452271,0.289664,0.651107,2,1,751,2849,16.250000,29.294200,36500,no
87,SELL,-3.170505,21:07:23.339960854,no,-,-,-,-,3.452271,0.289664,0.651107,2,1,755,2845,16.250000,29.139000,36500,no
88,SELL,-2.811423,21:07:23.339960854,no,-,-,-,-,3.452271,0.289664,0.651107,2,1,759,2841,16.250000,28.985500,36500,no
89,SELL,-2.457223,21:07:23.339960854,no,-,-,-,-,3.452271,0.289664,0.651107,2,1,765,2835,16.250000,28.758100,36500,no
90,SELL,-3.402772,21:07:23.339960854,no,-,-,-,-,3.452271,0.289664,0.651107,2,1,769,2831,16.250000,28.608500,36500,no
91,SELL,-2.214915,21:07:23.339960854,no,-,-,-,-,3.452271,0.289664,0.651107,2,1,774,2826,16.250000,28.423700,36500,no
92,SELL,-1.493532,21:07:23.339960854,no,-,-,-,-,3.452271,0.289664,0.651107,2,1,779,2821,16.250000,28.241300,36500,no
93,SELL,-1.955776,21:07:23.339960854,no,-,-,-,-,3.452271,0.289664,0.651107,2,1,785,2815,16.250000,28.025400,36500,no
94,SELL,-1.487654,21:07:23.339960854,no,-,-,-,-,3.452271,0.289664,0.651107,2,1,789,2811,16.250000,27.883300,36500,no
95,SELL,-2.595059,21:07:23.339960854,no,-,-,-,-,3.452271,0.289664,0.651107,2,1,793,2807,16.250000,27.742700,36500,no
96,SELL,-3.765654,21:07:23.339960854,no,-,-,-,-,3.452271,0.289664,0.651107,2,1,799,2801,16.250000,27.534400,36500,no
97,SELL,-2.505625,21:07:23.339960854,no,-,-,-,-,3.452271,0.289664,0.651107,2,1,805,2795,16.250000,27.329100,36500,no
98,SELL,-2.359152,21:07:23.339960854,no,-,-,-,-,3.452271,0.289664,0.651107,2,1,809,2791,16.250000,27.194000,36500,no
99,SELL,-2.111426,21:07:23.339960854,no,-,-,-,-,3.452271,0.289664,0.651107,2,1,814,2786,16.250000,27.027000,36500,no
100,SELL,-2.527005,21:07:23.339960854,no,-,-,-,-,3.452271,0.289664,0.651107,2,1,820,2780,16.250000,26.829200,36500,no
101,SELL,-1.702608,21:07:23.339960854,no,-,-,-,-,3.452271,0.289664,0.651107,2,1,824,2776,16.250000,26.699000,36500,no
102,SELL,-2.268459,21:07:23.339960854,no,-,-,-,-,3.452271,0.289664,0.651107,2,1,827,2773,16.250000,26.602100,36500,no
103,SELL,-2.274825,21:07:23.339960854,no,-,-,-,-,3.452271,0.289664,0.651107,2,1,834,2766,16.250000,26.378800,36500,no
104,SELL,-2.327238,21:07:23.339960854,no,-,-,-,-,3.452271,0.289664,0.651107,2,1,837,2763,16.250000,26.284300,36500,no
105,SELL,-2.155285,21:07:23.339960854,no,-,-,-,-,3.452271,0.289664,0.651107,2,1,843,2757,16.250000,26.097200,36500,no
106,SELL,-3.104563,21:07:23.339960854,no,-,-,-,-,3.452271,0.289664,0.651107,2,1,847,2753,16.250000,25.974000,36500,no
107,SELL,-2.176691,21:07:23.339960854,no,-,-,-,-,3.452271,0.289664,0.651107,2,1,851,2749,16.250000,25.851900,36500,no
108,SELL,-1.838264,21:07:23.339960854,no,-,-,-,-,3.452271,0.289664,0.651107,2,1,858,2742,16.250000,25.641000,36500,no
109,SELL,-2.250608,21:07:23.339960854,no,-,-,-,-,3.452271,0.289664,0.651107,2,1,862,2738,16.250000,25.522000,36500,no
110,SELL,-1.844432,21:07:23.339960854,no,-,-,-,-,3.452271,0.289664,0.651107,2,1,865,2735,16.250000,25.433500,36500,no
111,SELL,-2.110370,21:07:23.339960854,no,-,-,-,-,3.452271,0.289664,0.651107,2,1,870,2730,16.250000,25.287300,36500,no
112,SELL,-2.468738,21:07:23.339960854,no,-,-,-,-,3.452271,0.289664,0.651107,2,1,876,2724,16.250000,25.114100,36500,no
113,SELL,-2.985479,21:07:23.339960854,no,-,-,-,-,3.452271,0.289664,0.651107,2,1,879,2721,16.250000,25.028400,36500,no
114,SELL,-2.853544,21:07:23.339960854,no,-,-,-,-,3.452271,0.289664,0.651107,2,1,885,2715,16.250000,24.858700,36500,no
115,SELL,-2.809966,21:07:23.339960854,no,-,-,-,-,3.452271,0.289664,0.651107,2,1,892,2708,16.250000,24.663600,36500,no
116,SELL,-3.522340,21:07:23.339960854,no,-,-,-,-,3.452271,0.289664,0.651107,2,1,897,2703,16.250000,24.526100,36500,no
117,SELL,-4.702312,21:07:23.339960854,no,-,-,-,-,3.452271,0.289664,0.651107,2,1,902,2698,16.250000,24.390200,36500,no
118,SELL,-4.455958,21:07:23.339960854,no,-,-,-,-,3.452271,0.289664,0.651107,2,1,906,2694,16.250000,24.282500,36500,no
119,SELL,-1.889499,21:07:23.339960854,no,-,-,-,-,3.452271,0.289664,0.651107,2,1,1189,2411,16.250000,18.502900,36500,no
120,SELL,-3.147696,21:07:23.339960854,no,-,-,-,-,3.452271,0.289664,0.651107,2,1,1194,2406,16.250000,18.425400,36500,no
121,SELL,-3.079122,21:07:23.339960854,no,-,-,-,-,3.452271,0.289664,0.651107,2,1,1200,2400,16.250000,18.333300,36500,no
122,SELL,-3.312259,21:07:23.339960854,no,-,-,-,-,3.452271,0.289664,0.651107,2,1,1205,2395,16.250000,18.257200,36500,no
123,SELL,-3.195543,21:07:23.339960854,no,-,-,-,-,3.452271,0.289664,0.651107,2,1,1212,2388,16.250000,18.151800,36500,no
124,SELL,-1.951289,21:07:23.339960854,no,-,-,-,-,3.452271,0.289664,0.651107,2,1,1218,2382,16.250000,18.062300,36500,no
125,SELL,-3.826695,21:07:23.339960854,no,-,-,-,-,3.452271,0.289664,0.651107,2,1,1224,2376,16.250000,17.973800,36500,no
126,SELL,-3.150109,21:07:23.339960854,no,-,-,-,-,3.452271,0.289664,0.651107,2,1,1230,2370,16.250000,17.886100,36500,no
127,SELL,-2.468153,21:07:23.339960854,no,-,-,-,-,3.452271,0.289664,0.651107,2,1,1235,2365,16.250000,17.813700,36500,no
128,SELL,-2.860532,21:07:23.339960854,no,-,-,-,-,3.452271,0.289664,0.651107,2,1,1240,2360,16.250000,17.741900,36500,no
129,SELL,-2.332890,21:07:23.339960854,no,-,-,-,-,3.452271,0.289664,0.651107,2,1,1246,2354,16.250000,17.656500,36500,no
130,SELL,-2.991330,21:07:23.339960854,no,-,-,-,-,3.452271,0.289664,0.651107,2,1,1253,2347,16.250000,17.557800,36500,no
131,SELL,-3.140311,21:07:23.339960854,no,-,-,-,-,3.452271,0.289664,0.651107,2,1,1258,2342,16.250000,17.488000,36500,no
132,SELL,-3.175156,21:07:23.339960854,no,-,-,-,-,3.452271,0.289664,0.651107,2,1,1264,2336,16.250000,17.405000,36500,no
133,SELL,-2.744172,21:07:23.339960854,no,-,-,-,-,3.452271,0.289664,0.651107,2,1,1269,2331,16.250000,17.336400,36500,no
134,SELL,-2.932440,21:07:23.339960854,no,-,-,-,-,3.452271,0.289664,0.651107,2,1,1275,2325,16.250000,17.254900,36500,no
135,SELL,-0.892179,21:07:23.339960854,no,-,-,-,-,3.452271,0.289664,0.651107,2,1,1281,2319,16.250000,17.174000,36500,no
136,SELL,-0.882892,21:07:23.339960854,no,-,-,-,-,3.452271,0.289664,0.651107,2,1,1287,2313,16.250000,17.094000,36500,no
137,SELL,-1.798808,21:07:23.339960854,no,-,-,-,-,3.452271,0.289664,0.651107,2,1,1295,2305,16.250000,16.988400,36500,no
138,SELL,-2.431363,21:07:23.339960854,no,-,-,-,-,3.452271,0.289664,0.651107,2,1,1300,2300,16.250000,16.923000,36500,no
139,SELL,-1.872406,21:07:23.339960854,no,-,-,-,-,3.452271,0.289664,0.651107,2,1,1306,2294,16.250000,16.845300,36500,no
140,SELL,-1.178049,21:07:23.339960854,no,-,-,-,-,3.452271,0.289664,0.651107,2,1,1312,2288,16.250000,16.768200,36500,no
141,SELL,-2.598591,21:07:23.339960854,no,-,-,-,-,3.452271,0.289664,0.651107,2,1,1317,2283,16.250000,16.704600,36500,no
142,SELL,-2.270456,21:07:23.339960854,no,-,-,-,-,3.452271,0.289664,0.651107,2,1,1325,2275,16.250000,16.603700,36500,no
143,SELL,-1.732643,21:07:23.339960854,no,-,-,-,-,3.452271,0.289664,0.651107,2,1,1330,2270,16.250000,16.541300,36500,no
144,SELL,-1.347649,21:07:23.339960854,no,-,-,-,-,3.452271,0.289664,0.651107,2,1,1337,2263,16.250000,16.454700,36500,no
145,SELL,-2.679260,21:07:23.339960854,no,-,-,-,-,3.452271,0.289664,0.651107,2,1,1341,2259,16.250000,16.405600,36500,no
146,SELL,-2.558987,21:07:23.339960854,no,-,-,-,-,3.452271,0.289664,0.651107,2,1,1346,2254,16.250000,16.344700,36500,no
147,SELL,-2.446628,21:07:23.339960854,no,-,-,-,-,3.452271,0.289664,0.651107,2,1,1352,2248,16.250000,16.272100,36500,no
148,SELL,-2.734426,21:07:23.339960854,no,-,-,-,-,3.138428,0.318631,0.651107,2,1,1356,2244,16.250000,16.224100,36500,no
149,SELL,-2.714029,21:07:23.339960854,no,-,-,-,-,2.853117,0.350494,0.651107,2,1,1361,2239,16.250000,16.164500,36500,no
150,SELL,-2.417864,21:07:23.339960854,no,-,-,-,-,2.593742,0.385543,0.651107,2,1,1366,2234,16.250000,16.105400,36500,no
151,SELL,-3.459377,21:07:23.339960854,no,-,-,-,-,2.357948,0.424098,0.651107,2,1,1371,2229,16.250000,16.046600,36500,no
152,SELL,-3.438226,21:07:23.339960854,no,-,-,-,-,2.143589,0.466507,0.651107,2,1,1379,2221,16.250000,15.953500,36500,no
153,SELL,-3.258151,21:07:23.339960854,no,-,-,-,-,1.948717,0.513158,0.651107,2,1,1384,2216,16.250000,15.895900,36500,no
154,SELL,-3.254239,21:07:23.339960854,no,-,-,-,-,1.771561,0.564474,0.651107,2,1,1387,2213,16.250000,15.861500,36500,no
155,SELL,-3.751875,21:07:23.339960854,no,-,-,-,-,1.610510,0.620921,0.651107,2,1,1391,2209,16.250000,15.815900,36500,no
156,SELL,-3.504123,21:07:23.339960854,no,-,-,-,-,1.464100,0.683013,0.651107,2,1,1396,2204,16.250000,15.759300,36500,no
157,SELL,-3.690253,21:07:23.339960854,no,-,-,-,-,1.331000,0.751315,0.651107,2,1,1402,2198,16.250000,15.691800,36500,no
158,SELL,-2.692177,21:07:23.339960854,no,-,-,-,-,1.210000,0.826446,0.651107,2,1,1407,2193,16.250000,15.636100,36500,no
159,SELL,-2.892897,21:07:23.339960854,no,-,-,-,-,1.100000,0.909091,0.651107,2,1,1411,2189,16.250000,15.591700,36500,no
160,SELL,-2.500156,21:07:23.339960854,no,-,-,-,-,1.000000,1.000000,0.651107,2,1,1415,2185,16.250000,15.547700,36500,no
161,SELL,-2.387924,21:07:23.339960854,yes,18.370000,bid1,100,00:00:00.000037332,0.909091,1.100000,0.651107,2,1,1417,2183,16.250000,15.525700,36500,no
162,SELL,-2.690651,21:07:23.339960854,yes,18.360000,bid1,100,00:00:00.000037746,0.826446,1.210000,0.651107,2,1,1420,2180,16.250000,15.492900,36500,no
163,SELL,-2.876476,21:07:23.339960854,yes,18.350000,bid1,100,00:00:00.000037598,0.751315,1.331000,0.651107,2,1,1425,2175,16.250000,15.438500,36500,no
164,SELL,-2.863250,21:07:23.339960854,yes,18.340000,bid1,100,00:00:00.000036138,0.683013,1.464100,0.651107,2,1,1428,2172,16.250000,15.406100,36500,no
165,SELL,-3.335888,21:07:23.339960854,yes,18.350000,bid1,100,00:00:00.000036491,0.620921,1.610510,0.651107,2,1,1435,2165,16.250000,15.331000,36500,no
166,SELL,-1.943628,21:07:23.339960854,yes,18.360000,bid1,100,00:00:00.000037884,0.564474,1.771561,0.651107,2,1,1440,2160,16.250000,15.277700,36500,no
167,SELL,-2.946839,21:07:23.339960854,yes,18.360000,bid1,100,00:00:00.000038333,0.513158,1.948717,0.651107,2,1,1445,2155,16.250000,15.224900,36500,no
168,SELL,-1.709977,21:07:23.339960854,yes,18.350000,bid1,200,00:00:00.000034499,0.466507,2.143589,0.651107,2,1,1451,2149,16.250000,15.161900,36500,no
169,SELL,-2.520804,21:07:23.339960854,yes,18.350000,bid1,200,00:00:00.000036191,0.424098,2.357948,0.651107,2,1,1454,2146,16.250000,15.130600,36500,no
170,SELL,-2.529396,21:07:23.339960854,yes,18.350000,bid1,200,00:00:00.000037763,0.385543,2.593742,0.651107,2,1,1459,2141,16.250000,15.078800,36500,no
171,SELL,-1.756104,21:07:23.339960854,yes,18.350000,bid1,200,00:00:00.000035775,0.350494,2.853117,0.651107,2,1,1464,2136,16.250000,15.027300,36500,no
172,SELL,-2.154614,21:07:23.339960854,yes,18.340000,bid1,300,00:00:00.000047297,0.318631,3.138428,0.651107,2,1,1468,2132,16.250000,14.986300,36500,no
173,SELL,-1.874670,21:07:23.339960854,yes,18.340000,bid1,300,00:00:00.000035386,0.289664,3.452271,0.651107,2,1,1474,2126,16.250000,14.925300,36500,no
174,SELL,-1.953978,21:07:23.339960854,yes,18.330000,bid1,300,00:00:00.000047765,0.263331,3.797498,0.651107,2,1,1478,2122,16.250000,14.884900,36500,no
175,SELL,-2.782275,21:07:23.339960854,yes,18.320000,bid1,400,00:00:00.000038735,0.239392,4.177248,0.651107,2,1,1482,2118,16.250000,14.844800,36500,no
176,SELL,-2.446379,21:07:23.339960854,yes,18.320000,bid1,400,00:00:00.000038672,0.217629,4.594973,0.651107,2,1,1487,2113,16.250000,14.794800,36500,no
177,SELL,-2.246133,21:07:23.339960854,yes,18.320000,bid1,500,00:00:00.000036806,0.197845,5.054470,0.651107,2,1,1491,2109,16.250000,14.755100,36500,no
178,SELL,-1.599031,21:07:23.339960854,yes,18.310000,bid1,500,00:00:00.000039010,0.179859,5.559917,0.651107,2,1,1499,2101,16.250000,14.676400,36500,no
179,SELL,-1.809443,21:07:23.339960854,yes,18.310000,bid1,600,00:00:00.000037062,0.163508,6.115909,0.651107,2,1,1504,2096,16.250000,14.627600,36500,no
180,SELL,-0.862208,21:07:23.339960854,yes,18.310000,bid1,600,00:00:00.000036135,0.148644,6.727500,0.651107,2,1,1509,2091,16.250000,14.579100,36500,no
181,SELL,-2.073900,21:07:23.339960854,yes,18.310000,bid1,700,00:00:00.000063836,0.135131,7.400250,0.651107,2,1,1514,2086,16.250000,14.531000,36500,no
182,SELL,-3.630962,21:07:23.339960854,yes,18.300000,bid1,800,00:00:00.000037601,0.122846,8.140275,0.651107,2,1,1519,2081,16.250000,14.483200,36500,no
183,SELL,-3.359368,21:07:23.339960854,yes,18.290000,bid1,800,00:00:00.000042934,0.111678,8.954302,0.651107,2,1,1525,2075,16.250000,14.426200,36500,no
184,SELL,-2.524462,21:07:23.339960854,yes,18.280000,bid1,900,00:00:00.000035497,0.101526,9.849733,0.651107,2,1,1529,2071,16.250000,14.388400,36500,no
185,SELL,-2.559523,21:07:23.339960854,yes,18.290000,bid1,1000,00:00:00.000035675,0.100000,10.000000,0.651107,2,1,1532,2068,16.250000,14.360300,36500,no
186,SELL,-1.693451,21:07:23.339960854,yes,18.290000,bid1,1000,00:00:00.000068539,0.100000,10.000000,0.651107,2,1,1540,2060,16.250000,14.285700,36500,no
187,SELL,-1.059716,21:07:23.339960854,yes,18.270000,bid1,1000,00:00:00.000036599,0.100000,10.000000,0.651107,2,1,1545,2055,16.250000,14.239400,36500,no
188,SELL,-1.312227,21:07:23.339960854,yes,18.280000,bid1,1000,00:00:00.000037598,0.100000,10.000000,0.651107,2,1,1548,2052,16.250000,14.211800,36500,no
189,SELL,-0.832205,21:07:23.339960854,yes,18.270000,bid1,1000,00:00:00.000035880,0.100000,10.000000,0.651107,2,1,1551,2049,16.250000,14.184300,36500,no
190,SELL,-0.313825,21:07:23.339960854,yes,18.270000,bid1,1000,00:00:00.000037201,0.100000,10.000000,0.651107,2,1,1556,2044,16.250000,14.138800,36500,no
191,SELL,-0.594912,21:07:23.339960854,yes,18.260000,bid1,1000,00:00:00.000041578,0.100000,10.000000,0.651107,2,1,1562,2038,16.250000,14.084500,36500,no
192,SELL,-0.756512,21:07:23.339960854,yes,18.260000,bid1,1000,00:00:00.000038588,0.100000,10.000000,0.651107,2,1,1567,2033,16.250000,14.039500,36500,no
193,SELL,-0.840596,21:07:23.339960854,yes,18.260000,bid1,1000,00:00:00.000036507,0.100000,10.000000,0.651107,2,1,1571,2029,16.250000,14.003800,36500,no
194,SELL,-0.641273,21:07:23.339960854,yes,18.260000,bid1,1000,00:00:00.000039157,0.100000,10.000000,0.651107,2,1,1577,2023,16.250000,13.950500,36500,no
195,SELL,0.509062,21:07:23.339960854,no,-,-,-,-,0.100000,10.000000,0.651107,2,1,1583,2017,16.250000,13.897600,36500,no
196,SELL,0.276776,21:07:23.339960854,no,-,-,-,-,0.100000,10.000000,0.651107,2,1,1586,2014,16.250000,13.871300,36500,no
197,SELL,0.873845,21:07:23.339960854,no,-,-,-,-,0.100000,10.000000,0.651107,2,1,1591,2009,16.250000,13.827700,36500,no
198,SELL,1.553150,21:07:23.339960854,no,-,-,-,-,0.100000,10.000000,0.651107,2,1,1597,2003,16.250000,13.775800,36500,no
199,SELL,2.018031,21:07:23.339960854,no,-,-,-,-,0.100000,10.000000,0.651107,2,1,1603,1997,16.250000,13.724200,36500,no
200,SELL,1.620984,21:07:23.339960854,no,-,-,-,-,0.100000,10.000000,0.651107,2,1,1606,1994,16.250000,13.698600,36500,no
201,SELL,0.793135,21:07:23.339960854,no,-,-,-,-,0.100000,10.000000,0.651107,2,1,1610,1990,16.250000,13.664500,36500,no
202,SELL,0.362500,21:07:23.339960854,no,-,-,-,-,0.100000,10.000000,0.651107,2,1,1616,1984,16.250000,13.613800,36500,no
203,SELL,-0.956393,21:07:23.339960854,yes,18.340000,bid1,1000,00:00:00.000035204,0.100000,10.000000,0.651107,2,1,1619,1981,16.250000,13.588600,36500,no
204,SELL,-0.802182,21:07:23.339960854,yes,18.320000,bid1,1000,00:00:00.000038424,0.100000,10.000000,0.651107,2,1,1624,1976,16.250000,13.546700,36500,no
205,SELL,-0.832261,21:07:23.339960854,yes,18.330000,bid1,1000,00:00:00.000035791,0.100000,10.000000,0.651107,2,1,1630,1970,16.250000,13.496900,36500,no
206,SELL,-0.582901,21:07:23.339960854,yes,18.330000,bid1,1000,00:00:00.000040072,0.100000,10.000000,0.651107,2,1,1636,1964,16.250000,13.447400,36500,no
207,SELL,-1.804592,21:07:23.339960854,yes,18.320000,bid1,1000,00:00:00.000041189,0.100000,10.000000,0.651107,2,1,1642,1958,16.250000,13.398200,36500,no
208,SELL,-1.663338,21:07:23.339960854,yes,18.320000,bid1,1000,00:00:00.000037059,0.100000,10.000000,0.651107,2,1,1645,1955,16.250000,13.373800,36500,no
209,SELL,-1.510459,21:07:23.339960854,yes,18.320000,bid1,1000,00:00:00.000043803,0.100000,10.000000,0.651107,2,1,1647,1953,16.250000,13.357600,36500,no
210,SELL,-2.822937,21:07:23.339960854,yes,18.300000,bid1,1000,00:00:00.000037551,0.100000,10.000000,0.651107,2,1,1652,1948,16.250000,13.317100,36500,no
211,SELL,-1.790818,21:07:23.339960854,yes,18.300000,bid1,1000,00:00:00.000036536,0.100000,10.000000,0.651107,2,1,1656,1944,16.250000,13.285000,36500,no
212,SELL,-2.698054,21:07:23.339960854,yes,18.310000,bid1,1000,00:00:00.000035808,0.100000,10.000000,0.651107,2,1,1662,1938,16.250000,13.237000,36500,no
213,SELL,-1.373639,21:07:23.339960854,yes,18.300000,bid1,1000,00:00:00.000033885,0.100000,10.000000,0.651107,2,1,1666,1934,16.250000,13.205200,36500,no
214,SELL,-2.536670,21:07:23.339960854,yes,18.270000,bid1,1000,00:00:00.000043857,0.100000,10.000000,0.651107,2,1,1669,1931,16.250000,13.181500,36500,no
215,SELL,-2.927266,21:07:23.339960854,yes,18.290000,bid1,1000,00:00:00.000041713,0.100000,10.000000,0.651107,2,1,1673,1927,16.250000,13.150000,36500,no
216,SELL,-0.732961,21:07:23.339960854,yes,18.300000,bid1,36500,00:00:00.000027023,0.100000,10.000000,0.651107,2,1,4927,-1327,16.250000,4.465100,36500,yes
217,SELL,-0.222178,21:07:23.339960854,no,-,-,-,-,0.100000,10.000000,0.651107,2,1,4934,-1334,16.250000,4.458800,36500,yes
218,SELL,-0.742634,21:07:23.339960854,no,-,-,-,-,0.100000,10.000000,0.651107,2,1,4940,-1340,16.250000,4.453400,36500,yes
219,SELL,-1.138675,21:07:23.339960854,no,-,-,-,-,0.100000,10.000000,0.651107,2,1,4945,-1345,16.250000,4.448900,36500,yes
220,SELL,-2.158025,21:07:23.339960854,no,-,-,-,-,0.100000,10.000000,0.651107,2,1,4952,-1352,16.250000,4.442600,36500,yes
221,SELL,-0.840816,21:07:23.339960854,no,-,-,-,-,0.100000,10.000000,0.651107,2,1,4958,-1358,16.250000,4.437200,36500,yes
222,SELL,-0.812972,21:07:23.339960854,no,-,-,-,-,0.100000,10.000000,0.651107,2,1,4964,-1364,16.250000,4.431900,36500,yes
223,SELL,0.031628,21:07:23.339960854,no,-,-,-,-,0.100000,10.000000,0.651107,2,1,4969,-1369,16.250000,4.427400,36500,yes
224,SELL,-0.138177,21:07:23.339960854,no,-,-,-,-,0.100000,10.000000,0.651107,2,1,4976,-1376,16.250000,4.421200,36500,yes
225,SELL,-1.846532,21:07:23.339960854,no,-,-,-,-,0.100000,10.000000,0.651107,2,1,4983,-1383,16.250000,4.415000,36500,yes
226,SELL,-1.603362,21:07:23.339960854,no,-,-,-,-,0.100000,10.000000,0.651107,2,1,4990,-1390,16.250000,4.408800,36500,yes
227,SELL,-2.408722,21:07:23.339960854,no,-,-,-,-,0.100000,10.000000,0.651107,2,1,4997,-1397,16.250000,4.402600,36500,yes
228,SELL,-1.351936,21:07:23.339960854,no,-,-,-,-,0.100000,10.000000,0.651107,2,1,5002,-1402,16.250000,4.398200,36500,yes
229,SELL,1.098736,21:07:23.339960854,no,-,-,-,-,0.100000,10.000000,0.651107,2,1,5008,-1408,16.250000,4.392900,36500,yes
230,SELL,2.190796,21:07:23.339960854,no,-,-,-,-,0.100000,10.000000,0.651107,2,1,5014,-1414,16.250000,4.387700,36500,yes
231,SELL,2.199486,21:07:23.339960854,no,-,-,-,-,0.100000,10.000000,0.651107,2,1,5019,-1419,16.250000,4.383300,36500,yes
232,SELL,1.096834,21:07:23.339960854,no,-,-,-,-,0.100000,10.000000,0.651107,2,1,5025,-1425,16.250000,4.378100,36500,yes
233,SELL,0.053349,21:07:23.339960854,no,-,-,-,-,0.100000,10.000000,0.651107,2,1,5030,-1430,16.250000,4.373700,36500,yes
234,SELL,0.898855,21:07:23.339960854,no,-,-,-,-,0.100000,10.000000,0.651107,2,1,5034,-1434,16.250000,4.370200,36500,yes
235,SELL,0.270207,21:07:23.339960854,no,-,-,-,-,0.100000,10.000000,0.651107,2,1,5040,-1440,16.250000,4.365000,36500,yes
236,SELL,1.180289,21:07:23.339960854,no,-,-,-,-,0.100000,10.000000,0.651107,2,1,5045,-1445,16.250000,4.360700,36500,yes
237,SELL,3.179654,21:07:23.339960854,no,-,-,-,-,0.100000,10.000000,0.651107,2,1,5052,-1452,16.250000,4.354700,36500,yes
238,SELL,2.146324,21:07:23.339960854,no,-,-,-,-,0.100000,10.000000,0.651107,2,1,5057,-1457,16.250000,4.350400,36500,yes
239,SELL,2.436924,21:07:23.339960854,no,-,-,-,-,0.100000,10.000000,0.651107,2,1,5062,-1462,16.250000,4.346100,36500,yes
240,SELL,3.321734,21:07:23.339960854,no,-,-,-,-,0.100000,10.000000,0.651107,2,1,5068,-1468,16.250000,4.340900,36500,yes
241,SELL,2.793863,21:07:23.339960854,no,-,-,-,-,0.100000,10.000000,0.651107,2,1,5071,-1471,16.250000,4.338300,36500,yes
242,SELL,1.492190,21:07:23.339960854,yes,18.340000,ask1,14500,00:00:00.000043439,0.100000,10.000000,0.651107,2,1,5075,-1475,16.250000,8.669900,14500,yes
