轮数,方向,预测值,算法开始时间,是否下单,下单价格,档位,下单量,下单耗时(从预测到下单),r1,r2,std,freq,qty_scalar,经过时间,剩余时间,目标速度,实际速度,剩余量,是否为最后一轮
1,SELL,0.472112,21:07:23.341403051,no,-,-,-,-,0.909091,1.100000,0.630134,2,1,331,3269,2.500000,0.000000,9000,no
2,SELL,0.449907,21:07:23.341403051,no,-,-,-,-,0.826446,1.210000,0.630134,2,1,336,3264,2.500000,0.000000,9000,no
3,SELL,0.473434,21:07:23.341403051,no,-,-,-,-,0.751315,1.331000,0.630134,2,1,340,3260,2.500000,0.000000,9000,no
4,SELL,0.638136,21:07:23.341403051,no,-,-,-,-,0.683013,1.464100,0.630134,2,1,344,3256,2.500000,0.000000,9000,no
5,SELL,0.523141,21:07:23.341403051,no,-,-,-,-,0.620921,1.610510,0.630134,2,1,349,3251,2.500000,0.000000,9000,no
6,SELL,0.530000,21:07:23.341403051,no,-,-,-,-,0.564474,1.771561,0.630134,2,1,355,3245,2.500000,0.000000,9000,no
7,SELL,0.613755,21:07:23.341403051,no,-,-,-,-,0.513158,1.948717,0.630134,2,1,360,3240,2.500000,0.000000,9000,no
8,SELL,0.556767,21:07:23.341403051,no,-,-,-,-,0.466507,2.143589,0.630134,2,1,364,3236,2.500000,0.000000,9000,no
9,SELL,0.234849,21:07:23.341403051,no,-,-,-,-,0.424098,2.357948,0.630134,2,1,368,3232,2.500000,0.000000,9000,no
10,SELL,0.272837,21:07:23.341403051,no,-,-,-,-,0.385543,2.593742,0.630134,2,1,373,3227,2.500000,0.000000,9000,no
11,SELL,0.327199,21:07:23.341403051,no,-,-,-,-,0.350494,2.853117,0.630134,2,1,378,3222,2.500000,0.000000,9000,no
12,SELL,0.177987,21:07:23.341403051,no,-,-,-,-,0.318631,3.138428,0.630134,2,1,382,3218,2.500000,0.000000,9000,no
13,SELL,0.254711,21:07:23.341403051,no,-,-,-,-,0.289664,3.452271,0.630134,2,1,388,3212,2.500000,0.000000,9000,no
14,SELL,0.250268,21:07:23.341403051,no,-,-,-,-,0.263331,3.797498,0.630134,2,1,395,3205,2.500000,0.000000,9000,no
15,SELL,0.273565,21:07:23.341403051,no,-,-,-,-,0.239392,4.177248,0.630134,2,1,399,3201,2.500000,0.000000,9000,no
16,SELL,0.165952,21:07:23.341403051,no,-,-,-,-,0.217629,4.594973,0.630134,2,1,405,3195,2.500000,0.000000,9000,no
17,SELL,0.750268,21:07:23.341403051,no,-,-,-,-,0.197845,5.054470,0.630134,2,1,409,3191,2.500000,0.000000,9000,no
18,SELL,0.647373,21:07:23.341403051,no,-,-,-,-,0.179859,5.559917,0.630134,2,1,412,3188,2.500000,0.000000,9000,no
19,SELL,1.127363,21:07:23.341403051,no,-,-,-,-,0.163508,6.115909,0.630134,2,1,415,3185,2.500000,0.000000,9000,no
20,SELL,-0.132696,21:07:23.341403051,yes,4.730000,bid1,600,00:00:00.000038376,0.148644,6.727500,0.630134,2,1,420,3180,2.500000,0.000000,9000,no
21,SELL,0.413866,21:07:23.341403051,no,-,-,-,-,0.135131,7.400250,0.630134,2,1,425,3175,2.500000,1.411700,8400,no
22,SELL,0.253207,21:07:23.341403051,no,-,-,-,-,0.122846,8.140275,0.630134,2,1,429,3171,2.500000,1.398600,8400,no
23,SELL,-0.171610,21:07:23.341403051,yes,4.730000,bid1,800,00:00:00.000036602,0.111678,8.954302,0.630134,2,1,435,3165,2.500000,1.379300,8400,no
24,SELL,-0.095329,21:07:23.341403051,yes,4.730000,bid1,800,00:00:00.000053101,0.111678,8.954302,0.630134,2,1,439,3161,2.500000,5.011300,6800,no
25,SELL,-0.413476,21:07:23.341403051,yes,4.730000,bid1,800,00:00:00.000040370,0.111678,8.954302,0.630134,2,1,444,3156,2.500000,6.756700,6000,no
26,SELL,-0.461163,21:07:23.341403051,yes,4.730000,bid1,800,00:00:00.000044226,0.122846,8.140275,0.630134,2,1,449,3151,2.500000,6.681500,6000,no
27,SELL,-0.118498,21:07:23.341403051,yes,4.730000,bid1,700,00:00:00.000066324,0.135131,7.400250,0.630134,2,1,453,3147,2.500000,8.388500,5200,no
28,SELL,-0.162411,21:07:23.341403051,yes,4.730000,bid1,600,00:00:00.000040136,0.148644,6.727500,0.630134,2,1,459,3141,2.500000,9.803900,4500,no
29,SELL,-0.153106,21:07:23.341403051,yes,4.730000,bid1,600,00:00:00.000037575,0.163508,6.115909,0.630134,2,1,464,3136,2.500000,10.991300,3900,no
30,SELL,-0.089971,21:07:23.341403051,no,-,-,-,-,0.179859,5.559917,0.630134,2,1,467,3133,2.500000,12.205500,3300,no
31,SELL,0.043828,21:07:23.341403051,no,-,-,-,-,0.197845,5.054470,0.630134,2,1,472,3128,2.500000,12.076200,3300,no
32,SELL,-0.383090,21:07:23.341403051,yes,4.730000,bid1,400,00:00:00.000043401,0.217629,4.594973,0.630134,2,1,477,3123,2.500000,11.949600,3300,no
33,SELL,-0.158539,21:07:23.341403051,yes,4.730000,bid1,400,00:00:00.000041629,0.239392,4.177248,0.630134,2,1,481,3119,2.500000,12.681900,2900,no
34,SELL,0.018488,21:07:23.341403051,no,-,-,-,-,0.263331,3.797498,0.630134,2,1,487,3113,2.500000,13.347000,2500,no
35,SELL,0.007898,21:07:23.341403051,no,-,-,-,-,0.289664,3.452271,0.630134,2,1,489,3111,2.500000,13.292400,2500,no
36,SELL,0.025434,21:07:23.341403051,no,-,-,-,-,0.318631,3.138428,0.630134,2,1,496,3104,2.500000,13.104800,2500,no
37,SELL,0.092625,21:07:23.341403051,no,-,-,-,-,0.350494,2.853117,0.630134,2,1,501,3099,2.500000,12.974000,2500,no
38,SELL,0.190122,21:07:23.341403051,no,-,-,-,-,0.385543,2.593742,0.630134,2,1,505,3095,2.500000,12.871200,2500,no
39,SELL,0.149398,21:07:23.341403051,no,-,-,-,-,0.424098,2.357948,0.630134,2,1,511,3089,2.500000,12.720100,2500,no
40,SELL,0.142383,21:07:23.341403051,no,-,-,-,-,0.466507,2.143589,0.630134,2,1,515,3085,2.500000,12.621300,2500,no
41,SELL,0.262945,21:07:23.341403051,no,-,-,-,-,0.513158,1.948717,0.630134,2,1,521,3079,2.500000,12.476000,2500,no
42,SELL,0.003693,21:07:23.341403051,no,-,-,-,-,0.564474,1.771561,0.630134,2,1,526,3074,2.500000,12.357400,2500,no
43,SELL,0.094259,21:07:23.341403051,no,-,-,-,-,0.620921,1.610510,0.630134,2,1,529,3071,2.500000,12.287300,2500,no
44,SELL,0.035731,21:07:23.341403051,no,-,-,-,-,0.683013,1.464100,0.630134,2,1,536,3064,2.500000,12.126800,2500,no
45,SELL,-0.054749,21:07:23.341403051,no,-,-,-,-,0.751315,1.331000,0.630134,2,1,541,3059,2.500000,12.014700,2500,no
46,SELL,-0.144766,21:07:23.341403051,no,-,-,-,-,0.826446,1.210000,0.630134,2,1,545,3055,2.500000,11.926600,2500,no
47,SELL,-0.140781,21:07:23.341403051,no,-,-,-,-,0.909091,1.100000,0.630134,2,1,550,3050,2.500000,11.818100,2500,no
48,SELL,-0.283561,21:07:23.341403051,no,-,-,-,-,1.000000,1.000000,0.630134,2,1,555,3045,2.500000,11.711700,2500,no
49,SELL,0.011886,21:07:23.341403051,no,-,-,-,-,1.100000,0.909091,0.630134,2,1,559,3041,2.500000,11.627900,2500,no
50,SELL,-0.107353,21:07:23.341403051,no,-,-,-,-,1.210000,0.826446,0.630134,2,1,565,3035,2.500000,11.504400,2500,no
51,SELL,0.025592,21:07:23.341403051,no,-,-,-,-,1.331000,0.751315,0.630134,2,1,570,3030,2.500000,11.403500,2500,no
52,SELL,0.644079,21:07:23.341403051,no,-,-,-,-,1.464100,0.683013,0.630134,2,1,576,3024,2.500000,11.284700,2500,no
53,SELL,0.425378,21:07:23.341403051,no,-,-,-,-,1.610510,0.620921,0.630134,2,1,579,3021,2.500000,11.226200,2500,no
54,SELL,0.395364,21:07:23.341403051,no,-,-,-,-,1.771561,0.564474,0.630134,2,1,584,3016,2.500000,11.130100,2500,no
55,SELL,0.386791,21:07:23.341403051,no,-,-,-,-,1.948717,0.513158,0.630134,2,1,594,3006,2.500000,10.942700,2500,no
56,SELL,0.507089,21:07:23.341403051,no,-,-,-,-,2.143589,0.466507,0.630134,2,1,600,3000,2.500000,10.833300,2500,no
57,SELL,0.559952,21:07:23.341403051,no,-,-,-,-,2.357948,0.424098,0.630134,2,1,606,2994,2.500000,10.726000,2500,no
58,SELL,0.736554,21:07:23.341403051,no,-,-,-,-,2.593742,0.385543,0.630134,2,1,610,2990,2.500000,10.655700,2500,no
59,SELL,0.609994,21:07:23.341403051,no,-,-,-,-,2.853117,0.350494,0.630134,2,1,616,2984,2.500000,10.551900,2500,no
60,SELL,0.746115,21:07:23.341403051,no,-,-,-,-,3.138428,0.318631,0.630134,2,1,621,2979,2.500000,10.466900,2500,no
61,SELL,0.708321,21:07:23.341403051,no,-,-,-,-,3.452271,0.289664,0.630134,2,1,627,2973,2.500000,10.366800,2500,no
62,SELL,0.814605,21:07:23.341403051,no,-,-,-,-,3.797498,0.263331,0.630134,2,1,634,2966,2.500000,10.252300,2500,no
63,SELL,0.849480,21:07:23.341403051,no,-,-,-,-,4.177248,0.239392,0.630134,2,1,638,2962,2.500000,10.188000,2500,no
64,SELL,0.710037,21:07:23.341403051,no,-,-,-,-,4.594973,0.217629,0.630134,2,1,642,2958,2.500000,10.124600,2500,no
65,SELL,0.732242,21:07:23.341403051,no,-,-,-,-,5.054470,0.197845,0.630134,2,1,645,2955,2.500000,10.077500,2500,no
66,SELL,0.835843,21:07:23.341403051,no,-,-,-,-,5.559917,0.179859,0.630134,2,1,650,2950,2.500000,10.000000,2500,no
67,SELL,0.884711,21:07:23.341403051,no,-,-,-,-,6.115909,0.163508,0.630134,2,1,656,2944,2.500000,9.908500,2500,no
68,SELL,0.936667,21:07:23.341403051,no,-,-,-,-,6.727500,0.148644,0.630134,2,1,660,2940,2.500000,9.848400,2500,no
69,SELL,-0.288322,21:07:23.341403051,no,-,-,-,-,7.400250,0.135131,0.630134,2,1,666,2934,2.500000,9.759700,2500,no
70,SELL,0.054411,21:07:23.341403051,no,-,-,-,-,8.140275,0.122846,0.630134,2,1,672,2928,2.500000,9.672600,2500,no
71,SELL,-0.069794,21:07:23.341403051,no,-,-,-,-,8.954302,0.111678,0.630134,2,1,675,2925,2.500000,9.629600,2500,no
72,SELL,0.143985,21:07:23.341403051,no,-,-,-,-,9.849733,0.101526,0.630134,2,1,681,2919,2.500000,9.544700,2500,no
73,SELL,0.116434,21:07:23.341403051,no,-,-,-,-,10.000000,0.100000,0.630134,2,1,685,2915,2.500000,9.489000,2500,no
74,SELL,0.081106,21:07:23.341403051,no,-,-,-,-,10.000000,0.100000,0.630134,2,1,689,2911,2.500000,9.433900,2500,no
75,SELL,0.113445,21:07:23.341403051,no,-,-,-,-,10.000000,0.100000,0.630134,2,1,697,2903,2.500000,9.325600,2500,no
76,SELL,0.289735,21:07:23.341403051,no,-,-,-,-,10.000000,0.100000,0.630134,2,1,704,2896,2.500000,9.232900,2500,no
77,SELL,0.528942,21:07:23.341403051,no,-,-,-,-,10.000000,0.100000,0.630134,2,1,709,2891,2.500000,9.167800,2500,no
78,SELL,0.505337,21:07:23.341403051,no,-,-,-,-,10.000000,0.100000,0.630134,2,1,714,2886,2.500000,9.103600,2500,no
79,SELL,0.093994,21:07:23.341403051,no,-,-,-,-,10.000000,0.100000,0.630134,2,1,717,2883,2.500000,9.065500,2500,no
80,SELL,0.398574,21:07:23.341403051,no,-,-,-,-,10.000000,0.100000,0.630134,2,1,724,2876,2.500000,8.977900,2500,no
81,SELL,0.323113,21:07:23.341403051,no,-,-,-,-,10.000000,0.100000,0.630134,2,1,728,2872,2.500000,8.928500,2500,no
82,SELL,-0.361064,21:07:23.341403051,no,-,-,-,-,10.000000,0.100000,0.630134,2,1,732,2868,2.500000,8.879700,2500,no
83,SELL,-0.650191,21:07:23.341403051,no,-,-,-,-,10.000000,0.100000,0.630134,2,1,738,2862,2.500000,8.807500,2500,no
84,SELL,-0.415416,21:07:23.341403051,no,-,-,-,-,10.000000,0.100000,0.630134,2,1,742,2858,2.500000,8.760100,2500,no
85,SELL,-0.150923,21:07:23.341403051,no,-,-,-,-,10.000000,0.100000,0.630134,2,1,748,2852,2.500000,8.689800,2500,no
86,SELL,-0.247271,21:07:23.341403051,no,-,-,-,-,10.000000,0.100000,0.630134,2,1,751,2849,2.500000,8.655100,2500,no
87,SELL,-0.293026,21:07:23.341403051,no,-,-,-,-,10.000000,0.100000,0.630134,2,1,757,2843,2.500000,8.586500,2500,no
88,SELL,-0.259127,21:07:23.341403051,no,-,-,-,-,10.000000,0.100000,0.630134,2,1,761,2839,2.500000,8.541300,2500,no
89,SELL,-0.359654,21:07:23.341403051,no,-,-,-,-,10.000000,0.100000,0.630134,2,1,767,2833,2.500000,8.474500,2500,no
90,SELL,-0.225595,21:07:23.341403051,no,-,-,-,-,10.000000,0.100000,0.630134,2,1,772,2828,2.500000,8.419600,2500,no
91,SELL,-0.018274,21:07:23.341403051,no,-,-,-,-,10.000000,0.100000,0.630134,2,1,777,2823,2.500000,8.365500,2500,no
92,SELL,-0.175654,21:07:23.341403051,no,-,-,-,-,10.000000,0.100000,0.630134,2,1,783,2817,2.500000,8.301400,2500,no
93,SELL,-0.048877,21:07:23.341403051,no,-,-,-,-,10.000000,0.100000,0.630134,2,1,787,2813,2.500000,8.259200,2500,no
94,SELL,-0.320017,21:07:23.341403051,no,-,-,-,-,10.000000,0.100000,0.630134,2,1,791,2809,2.500000,8.217400,2500,no
95,SELL,-0.263817,21:07:23.341403051,no,-,-,-,-,10.000000,0.100000,0.630134,2,1,797,2803,2.500000,8.155500,2500,no
96,SELL,-0.146646,21:07:23.341403051,no,-,-,-,-,10.000000,0.100000,0.630134,2,1,801,2799,2.500000,8.114800,2500,no
97,SELL,-0.140236,21:07:23.341403051,no,-,-,-,-,10.000000,0.100000,0.630134,2,1,806,2794,2.500000,8.064500,2500,no
98,SELL,0.127184,21:07:23.341403051,no,-,-,-,-,10.000000,0.100000,0.630134,2,1,811,2789,2.500000,8.014700,2500,no
99,SELL,0.019646,21:07:23.341403051,no,-,-,-,-,10.000000,0.100000,0.630134,2,1,817,2783,2.500000,7.955900,2500,no
100,SELL,0.305408,21:07:23.341403051,no,-,-,-,-,10.000000,0.100000,0.630134,2,1,821,2779,2.500000,7.917100,2500,no
101,SELL,0.776226,21:07:23.341403051,no,-,-,-,-,10.000000,0.100000,0.630134,2,1,825,2775,2.500000,7.878700,2500,no
102,SELL,0.693287,21:07:23.341403051,no,-,-,-,-,10.000000,0.100000,0.630134,2,1,830,2770,2.500000,7.831300,2500,no
103,SELL,0.764182,21:07:23.341403051,no,-,-,-,-,10.000000,0.100000,0.630134,2,1,835,2765,2.500000,7.784400,2500,no
104,SELL,0.507328,21:07:23.341403051,no,-,-,-,-,10.000000,0.100000,0.630134,2,1,838,2762,2.500000,7.756500,2500,no
105,SELL,0.495896,21:07:23.341403051,no,-,-,-,-,10.000000,0.100000,0.630134,2,1,844,2756,2.500000,7.701400,2500,no
106,SELL,0.560089,21:07:23.341403051,no,-,-,-,-,10.000000,0.100000,0.630134,2,1,849,2751,2.500000,7.656000,2500,no
107,SELL,0.535478,21:07:23.341403051,no,-,-,-,-,10.000000,0.100000,0.630134,2,1,854,2746,2.500000,7.611200,2500,no
108,SELL,0.397744,21:07:23.341403051,no,-,-,-,-,10.000000,0.100000,0.630134,2,1,863,2737,2.500000,7.531800,2500,no
109,SELL,0.639556,21:07:23.341403051,no,-,-,-,-,10.000000,0.100000,0.630134,2,1,868,2732,2.500000,7.488400,2500,no
110,SELL,0.493296,21:07:23.341403051,no,-,-,-,-,10.000000,0.100000,0.630134,2,1,873,2727,2.500000,7.445500,2500,no
111,SELL,0.819858,21:07:23.341403051,no,-,-,-,-,10.000000,0.100000,0.630134,2,1,877,2723,2.500000,7.411600,2500,no
112,SELL,0.567504,21:07:23.341403051,no,-,-,-,-,10.000000,0.100000,0.630134,2,1,883,2717,2.500000,7.361200,2500,no
113,SELL,0.992315,21:07:23.341403051,no,-,-,-,-,10.000000,0.100000,0.630134,2,1,887,2713,2.500000,7.328000,2500,no
114,SELL,0.703930,21:07:23.341403051,no,-,-,-,-,10.000000,0.100000,0.630134,2,1,893,2707,2.500000,7.278800,2500,no
115,SELL,0.830773,21:07:23.341403051,no,-,-,-,-,10.000000,0.100000,0.630134,2,1,898,2702,2.500000,7.238300,2500,no
116,SELL,0.939489,21:07:23.341403051,no,-,-,-,-,10.000000,0.100000,0.630134,2,1,904,2696,2.500000,7.190200,2500,no
117,SELL,0.766911,21:07:23.341403051,no,-,-,-,-,10.000000,0.100000,0.630134,2,1,908,2692,2.500000,7.158500,2500,no
118,SELL,-0.882824,21:07:23.341403051,no,-,-,-,-,10.000000,0.100000,0.630134,2,1,1191,2409,2.500000,5.457500,2500,no
119,SELL,-1.215182,21:07:23.341403051,no,-,-,-,-,10.000000,0.100000,0.630134,2,1,1196,2404,2.500000,5.434700,2500,no
120,SELL,0.478754,21:07:23.341403051,no,-,-,-,-,10.000000,0.100000,0.630134,2,1,1202,2398,2.500000,5.407600,2500,no
121,SELL,0.402842,21:07:23.341403051,no,-,-,-,-,10.000000,0.100000,0.630134,2,1,1207,2393,2.500000,5.385200,2500,no
122,SELL,0.272785,21:07:23.341403051,no,-,-,-,-,10.000000,0.100000,0.630134,2,1,1215,2385,2.500000,5.349700,2500,no
123,SELL,0.222194,21:07:23.341403051,no,-,-,-,-,10.000000,0.100000,0.630134,2,1,1220,2380,2.500000,5.327800,2500,no
124,SELL,0.156932,21:07:23.341403051,no,-,-,-,-,10.000000,0.100000,0.630134,2,1,1228,2372,2.500000,5.293100,2500,no
125,SELL,0.247995,21:07:23.341403051,no,-,-,-,-,10.000000,0.100000,0.630134,2,1,1232,2368,2.500000,5.275900,2500,no
126,SELL,0.110007,21:07:23.341403051,no,-,-,-,-,10.000000,0.100000,0.630134,2,1,1236,2364,2.500000,5.258800,2500,no
127,SELL,0.034757,21:07:23.341403051,no,-,-,-,-,10.000000,0.100000,0.630134,2,1,1243,2357,2.500000,5.229200,2500,no
128,SELL,0.079883,21:07:23.341403051,no,-,-,-,-,10.000000,0.100000,0.630134,2,1,1250,2350,2.500000,5.200000,2500,no
129,SELL,0.102520,21:07:23.341403051,no,-,-,-,-,10.000000,0.100000,0.630134,2,1,1255,2345,2.500000,5.179200,2500,no
130,SELL,-0.018468,21:07:23.341403051,no,-,-,-,-,10.000000,0.100000,0.630134,2,1,1259,2341,2.500000,5.162800,2500,no
131,SELL,-0.275939,21:07:23.341403051,no,-,-,-,-,10.000000,0.100000,0.630134,2,1,1266,2334,2.500000,5.134200,2500,no
132,SELL,-0.212303,21:07:23.341403051,no,-,-,-,-,10.000000,0.100000,0.630134,2,1,1271,2329,2.500000,5.114000,2500,no
133,SELL,-0.155021,21:07:23.341403051,no,-,-,-,-,10.000000,0.100000,0.630134,2,1,1277,2323,2.500000,5.090000,2500,no
134,SELL,-0.078473,21:07:23.341403051,no,-,-,-,-,10.000000,0.100000,0.630134,2,1,1283,2317,2.500000,5.066200,2500,no
135,SELL,-0.174335,21:07:23.341403051,no,-,-,-,-,10.000000,0.100000,0.630134,2,1,1291,2309,2.500000,5.034800,2500,no
136,SELL,-0.089302,21:07:23.341403051,no,-,-,-,-,10.000000,0.100000,0.630134,2,1,1298,2302,2.500000,5.007700,2500,no
137,SELL,-0.187130,21:07:23.341403051,no,-,-,-,-,10.000000,0.100000,0.630134,2,1,1301,2299,2.500000,4.996100,2500,no
138,SELL,0.036332,21:07:23.341403051,no,-,-,-,-,10.000000,0.100000,0.630134,2,1,1308,2292,2.500000,4.969400,2500,no
139,SELL,0.045132,21:07:23.341403051,no,-,-,-,-,10.000000,0.100000,0.630134,2,1,1314,2286,2.500000,4.946700,2500,no
140,SELL,-0.104246,21:07:23.341403051,no,-,-,-,-,10.000000,0.100000,0.630134,2,1,1319,2281,2.500000,4.927900,2500,no
141,SELL,0.043597,21:07:23.341403051,no,-,-,-,-,10.000000,0.100000,0.630134,2,1,1327,2273,2.500000,4.898200,2500,no
142,SELL,-0.052041,21:07:23.341403051,no,-,-,-,-,10.000000,0.100000,0.630134,2,1,1333,2267,2.500000,4.876200,2500,no
143,SELL,-0.086420,21:07:23.341403051,no,-,-,-,-,10.000000,0.100000,0.630134,2,1,1339,2261,2.500000,4.854300,2500,no
144,SELL,-0.180065,21:07:23.341403051,no,-,-,-,-,10.000000,0.100000,0.630134,2,1,1343,2257,2.500000,4.839900,2500,no
145,SELL,-0.129661,21:07:23.341403051,no,-,-,-,-,10.000000,0.100000,0.630134,2,1,1348,2252,2.500000,4.821900,2500,no
146,SELL,-0.171874,21:07:23.341403051,no,-,-,-,-,10.000000,0.100000,0.630134,2,1,1353,2247,2.500000,4.804100,2500,no
147,SELL,-0.168030,21:07:23.341403051,no,-,-,-,-,10.000000,0.100000,0.630134,2,1,1357,2243,2.500000,4.789900,2500,no
148,SELL,-0.135784,21:07:23.341403051,no,-,-,-,-,10.000000,0.100000,0.630134,2,1,1362,2238,2.500000,4.772300,2500,no
149,SELL,-0.558860,21:07:23.341403051,no,-,-,-,-,10.000000,0.100000,0.630134,2,1,1368,2232,2.500000,4.751400,2500,no
150,SELL,-0.420174,21:07:23.341403051,no,-,-,-,-,10.000000,0.100000,0.630134,2,1,1374,2226,2.500000,4.730700,2500,no
151,SELL,-0.492089,21:07:23.341403051,no,-,-,-,-,10.000000,0.100000,0.630134,2,1,1380,2220,2.500000,4.710100,2500,no
152,SELL,-0.821907,21:07:23.341403051,no,-,-,-,-,10.000000,0.100000,0.630134,2,1,1385,2215,2.500000,4.693100,2500,no
153,SELL,-0.743149,21:07:23.341403051,no,-,-,-,-,10.000000,0.100000,0.630134,2,1,1390,2210,2.500000,4.676200,2500,no
154,SELL,-0.663538,21:07:23.341403051,no,-,-,-,-,10.000000,0.100000,0.630134,2,1,1395,2205,2.500000,4.659400,2500,no
155,SELL,-0.861649,21:07:23.341403051,no,-,-,-,-,10.000000,0.100000,0.630134,2,1,1399,2201,2.500000,4.646100,2500,no
156,SELL,-0.637479,21:07:23.341403051,no,-,-,-,-,10.000000,0.100000,0.630134,2,1,1404,2196,2.500000,4.629600,2500,no
157,SELL,-0.718333,21:07:23.341403051,no,-,-,-,-,10.000000,0.100000,0.630134,2,1,1408,2192,2.500000,4.616400,2500,no
158,SELL,-0.839363,21:07:23.341403051,no,-,-,-,-,10.000000,0.100000,0.630134,2,1,1414,2186,2.500000,4.596800,2500,no
159,SELL,0.958301,21:07:23.341403051,no,-,-,-,-,10.000000,0.100000,0.630134,2,1,1416,2184,2.500000,4.590300,2500,no
160,SELL,-0.544586,21:07:23.341403051,no,-,-,-,-,10.000000,0.100000,0.630134,2,1,1419,2181,2.500000,4.580600,2500,no
161,SELL,-0.498593,21:07:23.341403051,no,-,-,-,-,10.000000,0.100000,0.630134,2,1,1422,2178,2.500000,4.571000,2500,no
162,SELL,-0.507460,21:07:23.341403051,no,-,-,-,-,10.000000,0.100000,0.630134,2,1,1426,2174,2.500000,4.558200,2500,no
163,SELL,-0.578422,21:07:23.341403051,no,-,-,-,-,10.000000,0.100000,0.630134,2,1,1431,2169,2.500000,4.542200,2500,no
164,SELL,-0.717189,21:07:23.341403051,no,-,-,-,-,10.000000,0.100000,0.630134,2,1,1437,2163,2.500000,4.523300,2500,no
165,SELL,-0.499159,21:07:23.341403051,no,-,-,-,-,10.000000,0.100000,0.630134,2,1,1441,2159,2.500000,4.510700,2500,no
166,SELL,-0.601075,21:07:23.341403051,no,-,-,-,-,10.000000,0.100000,0.630134,2,1,1448,2152,2.500000,4.488900,2500,no
167,SELL,-0.444508,21:07:23.341403051,no,-,-,-,-,10.000000,0.100000,0.630134,2,1,1452,2148,2.500000,4.476500,2500,no
168,SELL,-0.614052,21:07:23.341403051,no,-,-,-,-,10.000000,0.100000,0.630134,2,1,1455,2145,2.500000,4.467300,2500,no
169,SELL,-0.594732,21:07:23.341403051,no,-,-,-,-,10.000000,0.100000,0.630134,2,1,1460,2140,2.500000,4.452000,2500,no
170,SELL,-0.695583,21:07:23.341403051,no,-,-,-,-,10.000000,0.100000,0.630134,2,1,1466,2134,2.500000,4.433800,2500,no
171,SELL,-0.812865,21:07:23.341403051,no,-,-,-,-,10.000000,0.100000,0.630134,2,1,1470,2130,2.500000,4.421700,2500,no
172,SELL,-0.641183,21:07:23.341403051,no,-,-,-,-,10.000000,0.100000,0.630134,2,1,1475,2125,2.500000,4.406700,2500,no
173,SELL,-0.685487,21:07:23.341403051,no,-,-,-,-,10.000000,0.100000,0.630134,2,1,1479,2121,2.500000,4.394800,2500,no
174,SELL,-0.415437,21:07:23.341403051,no,-,-,-,-,10.000000,0.100000,0.630134,2,1,1484,2116,2.500000,4.380000,2500,no
175,SELL,-0.238984,21:07:23.341403051,no,-,-,-,-,10.000000,0.100000,0.630134,2,1,1489,2111,2.500000,4.365300,2500,no
176,SELL,-0.140934,21:07:23.341403051,no,-,-,-,-,10.000000,0.100000,0.630134,2,1,1494,2106,2.500000,4.350700,2500,no
177,SELL,-0.200674,21:07:23.341403051,no,-,-,-,-,10.000000,0.100000,0.630134,2,1,1501,2099,2.500000,4.330400,2500,no
178,SELL,-0.199407,21:07:23.341403051,no,-,-,-,-,10.000000,0.100000,0.630134,2,1,1506,2094,2.500000,4.316000,2500,no
179,SELL,-0.270624,21:07:23.341403051,no,-,-,-,-,10.000000,0.100000,0.630134,2,1,1516,2084,2.500000,4.287500,2500,no
180,SELL,-0.228271,21:07:23.341403051,no,-,-,-,-,10.000000,0.100000,0.630134,2,1,1522,2078,2.500000,4.270600,2500,no
181,SELL,-0.263853,21:07:23.341403051,no,-,-,-,-,10.000000,0.100000,0.630134,2,1,1525,2075,2.500000,4.262200,2500,no
182,SELL,-0.226861,21:07:23.341403051,no,-,-,-,-,10.000000,0.100000,0.630134,2,1,1530,2070,2.500000,4.248300,2500,no
183,SELL,-0.270660,21:07:23.341403051,no,-,-,-,-,10.000000,0.100000,0.630134,2,1,1535,2065,2.500000,4.234500,2500,no
184,SELL,-0.235675,21:07:23.341403051,no,-,-,-,-,10.000000,0.100000,0.630134,2,1,1543,2057,2.500000,4.212500,2500,no
185,SELL,-0.425803,21:07:23.341403051,no,-,-,-,-,10.000000,0.100000,0.630134,2,1,1546,2054,2.500000,4.204300,2500,no
186,SELL,-0.436313,21:07:23.341403051,no,-,-,-,-,10.000000,0.100000,0.630134,2,1,1549,2051,2.500000,4.196200,2500,no
187,SELL,-0.417008,21:07:23.341403051,no,-,-,-,-,10.000000,0.100000,0.630134,2,1,1553,2047,2.500000,4.185400,2500,no
188,SELL,1.081321,21:07:23.341403051,no,-,-,-,-,10.000000,0.100000,0.630134,2,1,1559,2041,2.500000,4.169300,2500,no
189,SELL,1.033827,21:07:23.341403051,no,-,-,-,-,10.000000,0.100000,0.630134,2,1,1564,2036,2.500000,4.156000,2500,no
190,SELL,0.498488,21:07:23.341403051,no,-,-,-,-,10.000000,0.100000,0.630134,2,1,1569,2031,2.500000,4.142700,2500,no
191,SELL,0.532836,21:07:23.341403051,no,-,-,-,-,10.000000,0.100000,0.630134,2,1,1574,2026,2.500000,4.129600,2500,no
192,SELL,0.515971,21:07:23.341403051,no,-,-,-,-,10.000000,0.100000,0.630134,2,1,1580,2020,2.500000,4.113900,2500,no
193,SELL,0.562866,21:07:23.341403051,no,-,-,-,-,10.000000,0.100000,0.630134,2,1,1585,2015,2.500000,4.100900,2500,no
194,SELL,0.409516,21:07:23.341403051,no,-,-,-,-,10.000000,0.100000,0.630134,2,1,1590,2010,2.500000,4.088000,2500,no
195,SELL,0.378995,21:07:23.341403051,no,-,-,-,-,10.000000,0.100000,0.630134,2,1,1593,2007,2.500000,4.080300,2500,no
196,SELL,0.467750,21:07:23.341403051,no,-,-,-,-,10.000000,0.100000,0.630134,2,1,1599,2001,2.500000,4.065000,2500,no
197,SELL,0.254785,21:07:23.341403051,no,-,-,-,-,10.000000,0.100000,0.630134,2,1,1604,1996,2.500000,4.052300,2500,no
198,SELL,-0.751802,21:07:23.341403051,no,-,-,-,-,10.000000,0.100000,0.630134,2,1,1607,1993,2.500000,4.044800,2500,no
199,SELL,-0.555176,21:07:23.341403051,no,-,-,-,-,10.000000,0.100000,0.630134,2,1,1612,1988,2.500000,4.032200,2500,no
200,SELL,-0.488037,21:07:23.341403051,no,-,-,-,-,10.000000,0.100000,0.630134,2,1,1617,1983,2.500000,4.019700,2500,no
201,SELL,-0.641814,21:07:23.341403051,no,-,-,-,-,10.000000,0.100000,0.630134,2,1,1622,1978,2.500000,4.007300,2500,no
202,SELL,-0.467578,21:07:23.341403051,no,-,-,-,-,10.000000,0.100000,0.630134,2,1,1626,1974,2.500000,3.997500,2500,no
203,SELL,-0.551590,21:07:23.341403051,no,-,-,-,-,10.000000,0.100000,0.630134,2,1,1633,1967,2.500000,3.980400,2500,no
204,SELL,-0.051860,21:07:23.341403051,no,-,-,-,-,10.000000,0.100000,0.630134,2,1,1638,1962,2.500000,3.968200,2500,no
205,SELL,0.165333,21:07:23.341403051,no,-,-,-,-,10.000000,0.100000,0.630134,2,1,1643,1957,2.500000,3.956100,2500,no
206,SELL,0.097697,21:07:23.341403051,no,-,-,-,-,10.000000,0.100000,0.630134,2,1,1646,1954,2.500000,3.948900,2500,no
207,SELL,0.381977,21:07:23.341403051,no,-,-,-,-,10.000000,0.100000,0.630134,2,1,1649,1951,2.500000,3.941700,2500,no
208,SELL,0.317363,21:07:23.341403051,no,-,-,-,-,10.000000,0.100000,0.630134,2,1,1654,1946,2.500000,3.929800,2500,no
209,SELL,-0.034534,21:07:23.341403051,no,-,-,-,-,10.000000,0.100000,0.630134,2,1,1657,1943,2.500000,3.922700,2500,no
210,SELL,0.062140,21:07:23.341403051,no,-,-,-,-,10.000000,0.100000,0.630134,2,1,1663,1937,2.500000,3.908500,2500,no
211,SELL,-0.022116,21:07:23.341403051,no,-,-,-,-,10.000000,0.100000,0.630134,2,1,1667,1933,2.500000,3.899200,2500,no
212,SELL,-0.158929,21:07:23.341403051,no,-,-,-,-,10.000000,0.100000,0.630134,2,1,1670,1930,2.500000,3.892200,2500,no
213,SELL,-0.091712,21:07:23.341403051,no,-,-,-,-,10.000000,0.100000,0.630134,2,1,1675,1925,2.500000,3.880500,2500,no
214,SELL,1.327042,21:07:23.341403051,yes,4.730000,ask1,2500,00:00:00.000026244,9.090909,0.110000,0.630134,2,1,4929,-1329,2.500000,1.318700,2500,yes
215,SELL,1.131607,21:07:23.341403051,yes,4.730000,ask1,2500,00:00:00.000049867,8.264463,0.121000,0.630134,2,1,4943,-1343,2.500000,1.314900,2500,yes
216,SELL,0.075313,21:07:23.341403051,yes,4.730000,ask1,2500,00:00:00.000025706,7.513148,0.133100,0.630134,2,1,4948,-1348,2.500000,1.313600,2500,yes
217,SELL,0.109416,21:07:23.341403051,yes,4.730000,ask1,2500,00:00:00.000023645,6.830135,0.146410,0.630134,2,1,4956,-1356,2.500000,1.311500,2500,yes
218,SELL,0.236489,21:07:23.341403051,yes,4.730000,ask1,2500,00:00:00.000036927,6.209213,0.161051,0.630134,2,1,4961,-1361,2.500000,1.310200,2500,yes
219,SELL,0.016883,21:07:23.341403051,yes,4.730000,ask1,2500,00:00:00.000025611,5.644739,0.177156,0.630134,2,1,4967,-1367,2.500000,1.308600,2500,yes
220,SELL,0.299785,21:07:23.341403051,yes,4.730000,ask1,2500,00:00:00.000024713,5.131581,0.194872,0.630134,2,1,4974,-1374,2.500000,1.306700,2500,yes
221,SELL,-0.209197,21:07:23.341403051,yes,4.730000,ask1,2500,00:00:00.000026172,4.665074,0.214359,0.630134,2,1,4979,-1379,2.500000,1.305400,2500,yes
222,SELL,0.346100,21:07:23.341403051,yes,4.730000,ask1,2500,00:00:00.000025629,4.240976,0.235795,0.630134,2,1,4985,-1385,2.500000,1.303900,2500,yes
223,SELL,0.223975,21:07:23.341403051,yes,4.730000,ask1,2500,00:00:00.000025339,3.855433,0.259374,0.630134,2,1,4993,-1393,2.500000,1.301800,2500,yes
224,SELL,-0.094600,21:07:23.341403051,yes,4.730000,ask1,2500,00:00:00.000025653,3.504939,0.285312,0.630134,2,1,4999,-1399,2.500000,1.300200,2500,yes
225,SELL,-0.280742,21:07:23.341403051,yes,4.730000,ask1,2500,00:00:00.000024449,3.186308,0.313843,0.630134,2,1,5006,-1406,2.500000,1.298400,2500,yes
226,SELL,0.116461,21:07:23.341403051,yes,4.730000,ask1,2500,00:00:00.000025067,2.896644,0.345227,0.630134,2,1,5011,-1411,2.500000,1.297100,2500,yes
227,SELL,-0.075003,21:07:23.341403051,yes,4.730000,ask1,2500,00:00:00.000024591,2.633313,0.379750,0.630134,2,1,5016,-1416,2.500000,1.295800,2500,yes
228,SELL,-0.096194,21:07:23.341403051,yes,4.730000,ask1,2500,00:00:00.000024563,2.393920,0.417725,0.630134,2,1,5021,-1421,2.500000,1.294500,2500,yes
229,SELL,-0.230626,21:07:23.341403051,yes,4.730000,ask1,2500,00:00:00.000028091,2.176291,0.459497,0.630134,2,1,5027,-1427,2.500000,1.293000,2500,yes
230,SELL,0.403734,21:07:23.341403051,yes,4.730000,ask1,2500,00:00:00.000026117,1.978447,0.505447,0.630134,2,1,5032,-1432,2.500000,1.291700,2500,yes
231,SELL,0.301592,21:07:23.341403051,yes,4.730000,ask1,2500,00:00:00.000025238,1.798588,0.555992,0.630134,2,1,5036,-1436,2.500000,1.290700,2500,yes
232,SELL,-0.063466,21:07:23.341403051,yes,4.730000,ask1,2500,00:00:00.000025048,1.635080,0.611591,0.630134,2,1,5042,-1442,2.500000,1.289100,2500,yes
233,SELL,-0.284323,21:07:23.341403051,yes,4.730000,ask1,2500,00:00:00.000026036,1.486436,0.672750,0.630134,2,1,5049,-1449,2.500000,1.287300,2500,yes
234,SELL,-0.149042,21:07:23.341403051,yes,4.730000,ask1,2500,00:00:00.000048646,1.351306,0.740025,0.630134,2,1,5054,-1454,2.500000,1.286100,2500,yes
235,SELL,-0.232516,21:07:23.341403051,yes,4.730000,ask1,2500,00:00:00.000026016,1.228460,0.814027,0.630134,2,1,5059,-1459,2.500000,1.284800,2500,yes
236,SELL,-0.000389,21:07:23.341403051,yes,4.730000,ask1,2500,00:00:00.000025166,1.116782,0.895430,0.630134,2,1,5064,-1464,2.500000,1.283500,2500,yes
237,SELL,-0.556688,21:07:23.341403051,yes,4.730000,ask1,2500,00:00:00.000025513,1.015256,0.984973,0.630134,2,1,5069,-1469,2.500000,1.282300,2500,yes
238,SELL,-0.199281,21:07:23.341403051,yes,4.730000,ask1,2500,00:00:00.000025855,0.922960,1.083471,0.630134,2,1,5072,-1472,2.500000,1.281500,2500,yes
