轮数,方向,预测值,算法开始时间,是否下单,下单价格,档位,下单量,下单耗时(从预测到下单),r1,r2,std,freq,qty_scalar,经过时间,剩余时间,目标速度,实际速度,剩余量,是否为最后一轮
1,BUY,0.156105,21:07:23.343886768,no,-,-,-,-,0.909091,1.100000,0.665281,2,1,330,3270,1.250000,0.000000,4500,no
2,BUY,0.071190,21:07:23.343886768,no,-,-,-,-,0.826446,1.210000,0.665281,2,1,335,3265,1.250000,0.000000,4500,no
3,BUY,0.135170,21:07:23.343886768,no,-,-,-,-,0.751315,1.331000,0.665281,2,1,340,3260,1.250000,0.000000,4500,no
4,BUY,0.003961,21:07:23.343886768,no,-,-,-,-,0.683013,1.464100,0.665281,2,1,344,3256,1.250000,0.000000,4500,no
5,BUY,-0.124841,21:07:23.343886768,no,-,-,-,-,0.620921,1.610510,0.665281,2,1,348,3252,1.250000,0.000000,4500,no
6,BUY,-0.011941,21:07:23.343886768,no,-,-,-,-,0.564474,1.771561,0.665281,2,1,355,3245,1.250000,0.000000,4500,no
7,BUY,-0.151393,21:07:23.343886768,no,-,-,-,-,0.513158,1.948717,0.665281,2,1,359,3241,1.250000,0.000000,4500,no
8,BUY,-0.094829,21:07:23.343886768,no,-,-,-,-,0.466507,2.143589,0.665281,2,1,363,3237,1.250000,0.000000,4500,no
9,BUY,0.011853,21:07:23.343886768,no,-,-,-,-,0.424098,2.357948,0.665281,2,1,368,3232,1.250000,0.000000,4500,no
10,BUY,-0.260025,21:07:23.343886768,no,-,-,-,-,0.385543,2.593742,0.665281,2,1,373,3227,1.250000,0.000000,4500,no
11,BUY,-0.226630,21:07:23.343886768,no,-,-,-,-,0.350494,2.853117,0.665281,2,1,378,3222,1.250000,0.000000,4500,no
12,BUY,-0.167516,21:07:23.343886768,no,-,-,-,-,0.318631,3.138428,0.665281,2,1,382,3218,1.250000,0.000000,4500,no
13,BUY,-0.024266,21:07:23.343886768,no,-,-,-,-,0.289664,3.452271,0.665281,2,1,388,3212,1.250000,0.000000,4500,no
14,BUY,-0.157861,21:07:23.343886768,no,-,-,-,-,0.263331,3.797498,0.665281,2,1,393,3207,1.250000,0.000000,4500,no
15,BUY,0.037901,21:07:23.343886768,no,-,-,-,-,0.239392,4.177248,0.665281,2,1,398,3202,1.250000,0.000000,4500,no
16,BUY,0.203539,21:07:23.343886768,yes,6.560000,ask1,400,00:00:00.000036925,0.217629,4.594973,0.665281,2,1,403,3197,1.250000,0.992500,4100,no
17,BUY,0.114407,21:07:23.343886768,no,-,-,-,-,0.197845,5.054470,0.665281,2,1,408,3192,1.250000,0.980300,4100,no
18,BUY,0.039357,21:07:23.343886768,no,-,-,-,-,0.179859,5.559917,0.665281,2,1,411,3189,1.250000,0.973200,4100,no
19,BUY,-0.083188,21:07:23.343886768,no,-,-,-,-,0.163508,6.115909,0.665281,2,1,415,3185,1.250000,0.963800,4100,no
20,BUY,0.157341,21:07:23.343886768,yes,6.560000,ask1,600,00:00:00.000043443,0.148644,6.727500,0.665281,2,1,420,3180,1.250000,0.952300,4100,no
21,BUY,0.151385,21:07:23.343886768,yes,6.560000,ask1,600,00:00:00.000041160,0.148644,6.727500,0.665281,2,1,425,3175,1.250000,3.764700,2900,no
22,BUY,0.030683,21:07:23.343886768,no,-,-,-,-,0.163508,6.115909,0.665281,2,1,429,3171,1.250000,3.729600,2900,no
23,BUY,0.149781,21:07:23.343886768,yes,6.560000,ask1,500,00:00:00.000036433,0.179859,5.559917,0.665281,2,1,434,3166,1.250000,3.686600,2900,no
24,BUY,-0.081014,21:07:23.343886768,no,-,-,-,-,0.197845,5.054470,0.665281,2,1,439,3161,1.250000,4.783500,2400,no
25,BUY,-0.026712,21:07:23.343886768,no,-,-,-,-,0.217629,4.594973,0.665281,2,1,443,3157,1.250000,4.740400,2400,no
26,BUY,-0.160683,21:07:23.343886768,no,-,-,-,-,0.239392,4.177248,0.665281,2,1,448,3152,1.250000,4.687500,2400,no
27,BUY,0.092890,21:07:23.343886768,no,-,-,-,-,0.263331,3.797498,0.665281,2,1,453,3147,1.250000,4.635700,2400,no
28,BUY,-0.005066,21:07:23.343886768,no,-,-,-,-,0.289664,3.452271,0.665281,2,1,463,3137,1.250000,4.535600,2400,no
29,BUY,-0.198044,21:07:23.343886768,no,-,-,-,-,0.318631,3.138428,0.665281,2,1,467,3133,1.250000,4.496700,2400,no
30,BUY,-0.283539,21:07:23.343886768,no,-,-,-,-,0.350494,2.853117,0.665281,2,1,472,3128,1.250000,4.449100,2400,no
31,BUY,-0.392950,21:07:23.343886768,no,-,-,-,-,0.385543,2.593742,0.665281,2,1,477,3123,1.250000,4.402500,2400,no
32,BUY,-0.258872,21:07:23.343886768,no,-,-,-,-,0.424098,2.357948,0.665281,2,1,481,3119,1.250000,4.365900,2400,no
33,BUY,0.013596,21:07:23.343886768,no,-,-,-,-,0.466507,2.143589,0.665281,2,1,486,3114,1.250000,4.320900,2400,no
34,BUY,-0.251949,21:07:23.343886768,no,-,-,-,-,0.513158,1.948717,0.665281,2,1,489,3111,1.250000,4.294400,2400,no
35,BUY,0.004759,21:07:23.343886768,no,-,-,-,-,0.564474,1.771561,0.665281,2,1,496,3104,1.250000,4.233800,2400,no
36,BUY,-0.171529,21:07:23.343886768,no,-,-,-,-,0.620921,1.610510,0.665281,2,1,501,3099,1.250000,4.191600,2400,no
37,BUY,-0.127436,21:07:23.343886768,no,-,-,-,-,0.683013,1.464100,0.665281,2,1,505,3095,1.250000,4.158400,2400,no
38,BUY,-0.135805,21:07:23.343886768,no,-,-,-,-,0.751315,1.331000,0.665281,2,1,509,3091,1.250000,4.125700,2400,no
39,BUY,-0.121600,21:07:23.343886768,no,-,-,-,-,0.826446,1.210000,0.665281,2,1,515,3085,1.250000,4.077600,2400,no
40,BUY,-0.325066,21:07:23.343886768,no,-,-,-,-,0.909091,1.100000,0.665281,2,1,521,3079,1.250000,4.030700,2400,no
41,BUY,-0.369157,21:07:23.343886768,no,-,-,-,-,1.000000,1.000000,0.665281,2,1,524,3076,1.250000,4.007600,2400,no
42,BUY,-0.264931,21:07:23.343886768,no,-,-,-,-,1.100000,0.909091,0.665281,2,1,529,3071,1.250000,3.969700,2400,no
43,BUY,-0.414128,21:07:23.343886768,no,-,-,-,-,1.210000,0.826446,0.665281,2,1,535,3065,1.250000,3.925200,2400,no
44,BUY,-0.615623,21:07:23.343886768,no,-,-,-,-,1.331000,0.751315,0.665281,2,1,539,3061,1.250000,3.896100,2400,no
45,BUY,-0.402658,21:07:23.343886768,no,-,-,-,-,1.464100,0.683013,0.665281,2,1,544,3056,1.250000,3.860200,2400,no
46,BUY,-0.339395,21:07:23.343886768,no,-,-,-,-,1.610510,0.620921,0.665281,2,1,548,3052,1.250000,3.832100,2400,no
47,BUY,-0.363474,21:07:23.343886768,no,-,-,-,-,1.771561,0.564474,0.665281,2,1,555,3045,1.250000,3.783700,2400,no
48,BUY,-0.273804,21:07:23.343886768,no,-,-,-,-,1.948717,0.513158,0.665281,2,1,558,3042,1.250000,3.763400,2400,no
49,BUY,-0.389707,21:07:23.343886768,no,-,-,-,-,2.143589,0.466507,0.665281,2,1,564,3036,1.250000,3.723400,2400,no
50,BUY,-0.547385,21:07:23.343886768,no,-,-,-,-,2.357948,0.424098,0.665281,2,1,570,3030,1.250000,3.684200,2400,no
51,BUY,-0.684425,21:07:23.343886768,no,-,-,-,-,2.593742,0.385543,0.665281,2,1,574,3026,1.250000,3.658500,2400,no
52,BUY,-0.373126,21:07:23.343886768,no,-,-,-,-,2.853117,0.350494,0.665281,2,1,578,3022,1.250000,3.633200,2400,no
53,BUY,-0.027155,21:07:23.343886768,no,-,-,-,-,3.138428,0.318631,0.665281,2,1,584,3016,1.250000,3.595800,2400,no
54,BUY,0.027517,21:07:23.343886768,no,-,-,-,-,3.452271,0.289664,0.665281,2,1,588,3012,1.250000,3.571400,2400,no
55,BUY,-0.352544,21:07:23.343886768,no,-,-,-,-,3.797498,0.263331,0.665281,2,1,594,3006,1.250000,3.535300,2400,no
56,BUY,-0.068145,21:07:23.343886768,no,-,-,-,-,4.177248,0.239392,0.665281,2,1,600,3000,1.250000,3.500000,2400,no
57,BUY,-0.002791,21:07:23.343886768,no,-,-,-,-,4.594973,0.217629,0.665281,2,1,605,2995,1.250000,3.471000,2400,no
58,BUY,-0.158902,21:07:23.343886768,no,-,-,-,-,5.054470,0.197845,0.665281,2,1,609,2991,1.250000,3.448200,2400,no
59,BUY,0.003282,21:07:23.343886768,no,-,-,-,-,5.559917,0.179859,0.665281,2,1,616,2984,1.250000,3.409000,2400,no
60,BUY,-0.288790,21:07:23.343886768,no,-,-,-,-,6.115909,0.163508,0.665281,2,1,621,2979,1.250000,3.381600,2400,no
61,BUY,-0.354924,21:07:23.343886768,no,-,-,-,-,6.727500,0.148644,0.665281,2,1,626,2974,1.250000,3.354600,2400,no
62,BUY,-0.330330,21:07:23.343886768,no,-,-,-,-,7.400250,0.135131,0.665281,2,1,632,2968,1.250000,3.322700,2400,no
63,BUY,-0.174150,21:07:23.343886768,no,-,-,-,-,8.140275,0.122846,0.665281,2,1,637,2963,1.250000,3.296700,2400,no
64,BUY,-0.368490,21:07:23.343886768,no,-,-,-,-,8.954302,0.111678,0.665281,2,1,641,2959,1.250000,3.276100,2400,no
65,BUY,-0.210250,21:07:23.343886768,no,-,-,-,-,9.849733,0.101526,0.665281,2,1,644,2956,1.250000,3.260800,2400,no
66,BUY,0.151314,21:07:23.343886768,no,-,-,-,-,10.000000,0.100000,0.665281,2,1,649,2951,1.250000,3.235700,2400,no
67,BUY,0.147560,21:07:23.343886768,no,-,-,-,-,10.000000,0.100000,0.665281,2,1,656,2944,1.250000,3.201200,2400,no
68,BUY,0.657821,21:07:23.343886768,no,-,-,-,-,10.000000,0.100000,0.665281,2,1,659,2941,1.250000,3.186600,2400,no
69,BUY,0.688012,21:07:23.343886768,no,-,-,-,-,10.000000,0.100000,0.665281,2,1,666,2934,1.250000,3.153100,2400,no
70,BUY,0.352268,21:07:23.343886768,no,-,-,-,-,10.000000,0.100000,0.665281,2,1,671,2929,1.250000,3.129600,2400,no
71,BUY,0.062363,21:07:23.343886768,no,-,-,-,-,10.000000,0.100000,0.665281,2,1,674,2926,1.250000,3.115700,2400,no
72,BUY,0.157909,21:07:23.343886768,no,-,-,-,-,10.000000,0.100000,0.665281,2,1,680,2920,1.250000,3.088200,2400,no
73,BUY,-0.056039,21:07:23.343886768,no,-,-,-,-,10.000000,0.100000,0.665281,2,1,685,2915,1.250000,3.065600,2400,no
74,BUY,0.030820,21:07:23.343886768,no,-,-,-,-,10.000000,0.100000,0.665281,2,1,689,2911,1.250000,3.047800,2400,no
75,BUY,-0.061894,21:07:23.343886768,no,-,-,-,-,10.000000,0.100000,0.665281,2,1,695,2905,1.250000,3.021500,2400,no
76,BUY,0.300382,21:07:23.343886768,no,-,-,-,-,10.000000,0.100000,0.665281,2,1,702,2898,1.250000,2.991400,2400,no
77,BUY,0.517860,21:07:23.343886768,no,-,-,-,-,10.000000,0.100000,0.665281,2,1,708,2892,1.250000,2.966100,2400,no
78,BUY,0.427156,21:07:23.343886768,no,-,-,-,-,10.000000,0.100000,0.665281,2,1,713,2887,1.250000,2.945300,2400,no
79,BUY,0.344713,21:07:23.343886768,no,-,-,-,-,10.000000,0.100000,0.665281,2,1,717,2883,1.250000,2.928800,2400,no
80,BUY,0.381108,21:07:23.343886768,no,-,-,-,-,10.000000,0.100000,0.665281,2,1,723,2877,1.250000,2.904500,2400,no
81,BUY,0.267451,21:07:23.343886768,no,-,-,-,-,10.000000,0.100000,0.665281,2,1,727,2873,1.250000,2.888500,2400,no
82,BUY,0.183316,21:07:23.343886768,no,-,-,-,-,10.000000,0.100000,0.665281,2,1,732,2868,1.250000,2.868800,2400,no
83,BUY,0.362798,21:07:23.343886768,no,-,-,-,-,10.000000,0.100000,0.665281,2,1,738,2862,1.250000,2.845500,2400,no
84,BUY,0.233400,21:07:23.343886768,no,-,-,-,-,10.000000,0.100000,0.665281,2,1,741,2859,1.250000,2.834000,2400,no
85,BUY,0.060751,21:07:23.343886768,no,-,-,-,-,10.000000,0.100000,0.665281,2,1,747,2853,1.250000,2.811200,2400,no
86,BUY,0.143484,21:07:23.343886768,no,-,-,-,-,10.000000,0.100000,0.665281,2,1,751,2849,1.250000,2.796200,2400,no
87,BUY,0.291776,21:07:23.343886768,no,-,-,-,-,10.000000,0.100000,0.665281,2,1,757,2843,1.250000,2.774100,2400,no
88,BUY,1.511059,21:07:23.343886768,no,-,-,-,-,10.000000,0.100000,0.665281,2,1,761,2839,1.250000,2.759500,2400,no
89,BUY,1.498437,21:07:23.343886768,no,-,-,-,-,10.000000,0.100000,0.665281,2,1,766,2834,1.250000,2.741500,2400,no
90,BUY,0.239565,21:07:23.343886768,no,-,-,-,-,10.000000,0.100000,0.665281,2,1,771,2829,1.250000,2.723700,2400,no
91,BUY,0.359809,21:07:23.343886768,no,-,-,-,-,10.000000,0.100000,0.665281,2,1,777,2823,1.250000,2.702700,2400,no
92,BUY,0.167448,21:07:23.343886768,no,-,-,-,-,10.000000,0.100000,0.665281,2,1,783,2817,1.250000,2.681900,2400,no
93,BUY,-0.180220,21:07:23.343886768,no,-,-,-,-,10.000000,0.100000,0.665281,2,1,786,2814,1.250000,2.671700,2400,no
94,BUY,0.039115,21:07:23.343886768,no,-,-,-,-,10.000000,0.100000,0.665281,2,1,791,2809,1.250000,2.654800,2400,no
95,BUY,-0.116629,21:07:23.343886768,no,-,-,-,-,10.000000,0.100000,0.665281,2,1,796,2804,1.250000,2.638100,2400,no
96,BUY,-0.246028,21:07:23.343886768,no,-,-,-,-,10.000000,0.100000,0.665281,2,1,800,2800,1.250000,2.625000,2400,no
97,BUY,-0.257793,21:07:23.343886768,no,-,-,-,-,10.000000,0.100000,0.665281,2,1,805,2795,1.250000,2.608600,2400,no
98,BUY,-0.310172,21:07:23.343886768,no,-,-,-,-,10.000000,0.100000,0.665281,2,1,810,2790,1.250000,2.592500,2400,no
99,BUY,-0.582914,21:07:23.343886768,no,-,-,-,-,10.000000,0.100000,0.665281,2,1,816,2784,1.250000,2.573500,2400,no
100,BUY,-0.668432,21:07:23.343886768,no,-,-,-,-,10.000000,0.100000,0.665281,2,1,821,2779,1.250000,2.557800,2400,no
101,BUY,-0.421617,21:07:23.343886768,no,-,-,-,-,10.000000,0.100000,0.665281,2,1,825,2775,1.250000,2.545400,2400,no
102,BUY,-0.214539,21:07:23.343886768,no,-,-,-,-,10.000000,0.100000,0.665281,2,1,829,2771,1.250000,2.533100,2400,no
103,BUY,1.220518,21:07:23.343886768,no,-,-,-,-,10.000000,0.100000,0.665281,2,1,835,2765,1.250000,2.514900,2400,no
104,BUY,1.011202,21:07:23.343886768,no,-,-,-,-,10.000000,0.100000,0.665281,2,1,837,2763,1.250000,2.508900,2400,no
105,BUY,1.064107,21:07:23.343886768,no,-,-,-,-,10.000000,0.100000,0.665281,2,1,843,2757,1.250000,2.491100,2400,no
106,BUY,1.038356,21:07:23.343886768,no,-,-,-,-,10.000000,0.100000,0.665281,2,1,848,2752,1.250000,2.476400,2400,no
107,BUY,0.610221,21:07:23.343886768,no,-,-,-,-,10.000000,0.100000,0.665281,2,1,853,2747,1.250000,2.461800,2400,no
108,BUY,0.400160,21:07:23.343886768,no,-,-,-,-,10.000000,0.100000,0.665281,2,1,859,2741,1.250000,2.444700,2400,no
109,BUY,0.385460,21:07:23.343886768,no,-,-,-,-,10.000000,0.100000,0.665281,2,1,863,2737,1.250000,2.433300,2400,no
110,BUY,-0.997332,21:07:23.343886768,no,-,-,-,-,10.000000,0.100000,0.665281,2,1,868,2732,1.250000,2.419300,2400,no
111,BUY,-0.680060,21:07:23.343886768,no,-,-,-,-,10.000000,0.100000,0.665281,2,1,872,2728,1.250000,2.408200,2400,no
112,BUY,-0.645026,21:07:23.343886768,no,-,-,-,-,10.000000,0.100000,0.665281,2,1,877,2723,1.250000,2.394500,2400,no
113,BUY,-0.458200,21:07:23.343886768,no,-,-,-,-,10.000000,0.100000,0.665281,2,1,882,2718,1.250000,2.380900,2400,no
114,BUY,-0.365574,21:07:23.343886768,no,-,-,-,-,10.000000,0.100000,0.665281,2,1,887,2713,1.250000,2.367500,2400,no
115,BUY,-0.353971,21:07:23.343886768,no,-,-,-,-,10.000000,0.100000,0.665281,2,1,893,2707,1.250000,2.351600,2400,no
116,BUY,-0.393727,21:07:23.343886768,no,-,-,-,-,10.000000,0.100000,0.665281,2,1,897,2703,1.250000,2.341100,2400,no
117,BUY,-0.283246,21:07:23.343886768,no,-,-,-,-,10.000000,0.100000,0.665281,2,1,903,2697,1.250000,2.325500,2400,no
118,BUY,-0.187471,21:07:23.343886768,no,-,-,-,-,10.000000,0.100000,0.665281,2,1,907,2693,1.250000,2.315300,2400,no
119,BUY,0.119930,21:07:23.343886768,no,-,-,-,-,10.000000,0.100000,0.665281,2,1,1190,2410,1.250000,1.764700,2400,no
120,BUY,-0.013391,21:07:23.343886768,no,-,-,-,-,10.000000,0.100000,0.665281,2,1,1195,2405,1.250000,1.757300,2400,no
121,BUY,-0.125141,21:07:23.343886768,no,-,-,-,-,10.000000,0.100000,0.665281,2,1,1202,2398,1.250000,1.747000,2400,no
122,BUY,-0.204262,21:07:23.343886768,no,-,-,-,-,10.000000,0.100000,0.665281,2,1,1207,2393,1.250000,1.739800,2400,no
123,BUY,-0.404900,21:07:23.343886768,no,-,-,-,-,10.000000,0.100000,0.665281,2,1,1213,2387,1.250000,1.731200,2400,no
124,BUY,-0.646003,21:07:23.343886768,no,-,-,-,-,10.000000,0.100000,0.665281,2,1,1220,2380,1.250000,1.721300,2400,no
125,BUY,0.284329,21:07:23.343886768,no,-,-,-,-,10.000000,0.100000,0.665281,2,1,1226,2374,1.250000,1.712800,2400,no
126,BUY,0.381261,21:07:23.343886768,no,-,-,-,-,10.000000,0.100000,0.665281,2,1,1232,2368,1.250000,1.704500,2400,no
127,BUY,0.176049,21:07:23.343886768,no,-,-,-,-,10.000000,0.100000,0.665281,2,1,1236,2364,1.250000,1.699000,2400,no
128,BUY,0.069103,21:07:23.343886768,no,-,-,-,-,10.000000,0.100000,0.665281,2,1,1242,2358,1.250000,1.690800,2400,no
129,BUY,0.085706,21:07:23.343886768,no,-,-,-,-,10.000000,0.100000,0.665281,2,1,1249,2351,1.250000,1.681300,2400,no
130,BUY,0.034467,21:07:23.343886768,no,-,-,-,-,10.000000,0.100000,0.665281,2,1,1254,2346,1.250000,1.674600,2400,no
131,BUY,0.162782,21:07:23.343886768,no,-,-,-,-,10.000000,0.100000,0.665281,2,1,1259,2341,1.250000,1.667900,2400,no
132,BUY,-0.008160,21:07:23.343886768,no,-,-,-,-,10.000000,0.100000,0.665281,2,1,1266,2334,1.250000,1.658700,2400,no
133,BUY,-0.012971,21:07:23.343886768,no,-,-,-,-,10.000000,0.100000,0.665281,2,1,1271,2329,1.250000,1.652200,2400,no
134,BUY,0.019520,21:07:23.343886768,no,-,-,-,-,10.000000,0.100000,0.665281,2,1,1276,2324,1.250000,1.645700,2400,no
135,BUY,-0.082719,21:07:23.343886768,no,-,-,-,-,10.000000,0.100000,0.665281,2,1,1290,2310,1.250000,1.627900,2400,no
136,BUY,-0.238972,21:07:23.343886768,no,-,-,-,-,10.000000,0.100000,0.665281,2,1,1298,2302,1.250000,1.617800,2400,no
137,BUY,-0.304106,21:07:23.343886768,no,-,-,-,-,10.000000,0.100000,0.665281,2,1,1301,2299,1.250000,1.614100,2400,no
138,BUY,-0.091740,21:07:23.343886768,no,-,-,-,-,10.000000,0.100000,0.665281,2,1,1308,2292,1.250000,1.605500,2400,no
139,BUY,-0.058516,21:07:23.343886768,no,-,-,-,-,10.000000,0.100000,0.665281,2,1,1314,2286,1.250000,1.598100,2400,no
140,BUY,-0.117864,21:07:23.343886768,no,-,-,-,-,10.000000,0.100000,0.665281,2,1,1319,2281,1.250000,1.592100,2400,no
141,BUY,-0.085533,21:07:23.343886768,no,-,-,-,-,10.000000,0.100000,0.665281,2,1,1326,2274,1.250000,1.583700,2400,no
142,BUY,-0.039687,21:07:23.343886768,no,-,-,-,-,10.000000,0.100000,0.665281,2,1,1332,2268,1.250000,1.576500,2400,no
143,BUY,-0.216591,21:07:23.343886768,no,-,-,-,-,10.000000,0.100000,0.665281,2,1,1338,2262,1.250000,1.569500,2400,no
144,BUY,-0.117632,21:07:23.343886768,no,-,-,-,-,10.000000,0.100000,0.665281,2,1,1343,2257,1.250000,1.563600,2400,no
145,BUY,-0.017699,21:07:23.343886768,no,-,-,-,-,10.000000,0.100000,0.665281,2,1,1348,2252,1.250000,1.557800,2400,no
146,BUY,-0.056189,21:07:23.343886768,no,-,-,-,-,10.000000,0.100000,0.665281,2,1,1353,2247,1.250000,1.552100,2400,no
147,BUY,-0.008290,21:07:23.343886768,no,-,-,-,-,10.000000,0.100000,0.665281,2,1,1356,2244,1.250000,1.548600,2400,no
148,BUY,0.041289,21:07:23.343886768,no,-,-,-,-,10.000000,0.100000,0.665281,2,1,1362,2238,1.250000,1.541800,2400,no
149,BUY,0.228851,21:07:23.343886768,no,-,-,-,-,10.000000,0.100000,0.665281,2,1,1367,2233,1.250000,1.536200,2400,no
150,BUY,0.172726,21:07:23.343886768,no,-,-,-,-,10.000000,0.100000,0.665281,2,1,1373,2227,1.250000,1.529400,2400,no
151,BUY,0.100934,21:07:23.343886768,no,-,-,-,-,10.000000,0.100000,0.665281,2,1,1380,2220,1.250000,1.521700,2400,no
152,BUY,0.041393,21:07:23.343886768,no,-,-,-,-,10.000000,0.100000,0.665281,2,1,1384,2216,1.250000,1.517300,2400,no
153,BUY,0.143677,21:07:23.343886768,no,-,-,-,-,10.000000,0.100000,0.665281,2,1,1388,2212,1.250000,1.512900,2400,no
154,BUY,0.232454,21:07:23.343886768,no,-,-,-,-,10.000000,0.100000,0.665281,2,1,1393,2207,1.250000,1.507500,2400,no
155,BUY,0.194951,21:07:23.343886768,no,-,-,-,-,10.000000,0.100000,0.665281,2,1,1398,2202,1.250000,1.502100,2400,no
156,BUY,0.165356,21:07:23.343886768,no,-,-,-,-,10.000000,0.100000,0.665281,2,1,1403,2197,1.250000,1.496700,2400,no
157,BUY,-0.085693,21:07:23.343886768,no,-,-,-,-,10.000000,0.100000,0.665281,2,1,1408,2192,1.250000,1.491400,2400,no
158,BUY,-0.082848,21:07:23.343886768,no,-,-,-,-,10.000000,0.100000,0.665281,2,1,1413,2187,1.250000,1.486100,2400,no
159,BUY,-0.241037,21:07:23.343886768,no,-,-,-,-,10.000000,0.100000,0.665281,2,1,1416,2184,1.250000,1.483000,2400,no
160,BUY,0.126318,21:07:23.343886768,no,-,-,-,-,10.000000,0.100000,0.665281,2,1,1419,2181,1.250000,1.479900,2400,no
161,BUY,-0.089499,21:07:23.343886768,no,-,-,-,-,10.000000,0.100000,0.665281,2,1,1422,2178,1.250000,1.476700,2400,no
162,BUY,-0.109332,21:07:23.343886768,no,-,-,-,-,10.000000,0.100000,0.665281,2,1,1426,2174,1.250000,1.472600,2400,no
163,BUY,-0.261055,21:07:23.343886768,no,-,-,-,-,10.000000,0.100000,0.665281,2,1,1430,2170,1.250000,1.468500,2400,no
164,BUY,-0.120955,21:07:23.343886768,no,-,-,-,-,10.000000,0.100000,0.665281,2,1,1436,2164,1.250000,1.462300,2400,no
165,BUY,-0.157632,21:07:23.343886768,no,-,-,-,-,10.000000,0.100000,0.665281,2,1,1441,2159,1.250000,1.457300,2400,no
166,BUY,-0.224670,21:07:23.343886768,no,-,-,-,-,10.000000,0.100000,0.665281,2,1,1446,2154,1.250000,1.452200,2400,no
167,BUY,-0.281277,21:07:23.343886768,no,-,-,-,-,10.000000,0.100000,0.665281,2,1,1451,2149,1.250000,1.447200,2400,no
168,BUY,-0.296288,21:07:23.343886768,no,-,-,-,-,10.000000,0.100000,0.665281,2,1,1455,2145,1.250000,1.443200,2400,no
169,BUY,-0.298537,21:07:23.343886768,no,-,-,-,-,10.000000,0.100000,0.665281,2,1,1460,2140,1.250000,1.438300,2400,no
170,BUY,-0.251005,21:07:23.343886768,no,-,-,-,-,10.000000,0.100000,0.665281,2,1,1470,2130,1.250000,1.428500,2400,no
171,BUY,-0.148156,21:07:23.343886768,no,-,-,-,-,10.000000,0.100000,0.665281,2,1,1475,2125,1.250000,1.423700,2400,no
172,BUY,-0.277418,21:07:23.343886768,no,-,-,-,-,10.000000,0.100000,0.665281,2,1,1479,2121,1.250000,1.419800,2400,no
173,BUY,-0.281045,21:07:23.343886768,no,-,-,-,-,10.000000,0.100000,0.665281,2,1,1489,2111,1.250000,1.410300,2400,no
174,BUY,-0.242030,21:07:23.343886768,no,-,-,-,-,10.000000,0.100000,0.665281,2,1,1493,2107,1.250000,1.406500,2400,no
175,BUY,-0.194379,21:07:23.343886768,no,-,-,-,-,10.000000,0.100000,0.665281,2,1,1501,2099,1.250000,1.399000,2400,no
176,BUY,0.017437,21:07:23.343886768,no,-,-,-,-,10.000000,0.100000,0.665281,2,1,1506,2094,1.250000,1.394400,2400,no
177,BUY,0.011947,21:07:23.343886768,no,-,-,-,-,10.000000,0.100000,0.665281,2,1,1510,2090,1.250000,1.390700,2400,no
178,BUY,-0.194548,21:07:23.343886768,no,-,-,-,-,10.000000,0.100000,0.665281,2,1,1516,2084,1.250000,1.385200,2400,no
179,BUY,-0.200966,21:07:23.343886768,no,-,-,-,-,10.000000,0.100000,0.665281,2,1,1521,2079,1.250000,1.380600,2400,no
180,BUY,-0.148505,21:07:23.343886768,no,-,-,-,-,10.000000,0.100000,0.665281,2,1,1525,2075,1.250000,1.377000,2400,no
181,BUY,-0.202175,21:07:23.343886768,no,-,-,-,-,10.000000,0.100000,0.665281,2,1,1529,2071,1.250000,1.373400,2400,no
182,BUY,-0.272308,21:07:23.343886768,no,-,-,-,-,10.000000,0.100000,0.665281,2,1,1535,2065,1.250000,1.368000,2400,no
183,BUY,-0.274820,21:07:23.343886768,no,-,-,-,-,10.000000,0.100000,0.665281,2,1,1542,2058,1.250000,1.361800,2400,no
184,BUY,-0.338253,21:07:23.343886768,no,-,-,-,-,10.000000,0.100000,0.665281,2,1,1546,2054,1.250000,1.358300,2400,no
185,BUY,-0.343581,21:07:23.343886768,no,-,-,-,-,10.000000,0.100000,0.665281,2,1,1549,2051,1.250000,1.355700,2400,no
186,BUY,-0.437494,21:07:23.343886768,no,-,-,-,-,10.000000,0.100000,0.665281,2,1,1552,2048,1.250000,1.353000,2400,no
187,BUY,-0.169424,21:07:23.343886768,no,-,-,-,-,10.000000,0.100000,0.665281,2,1,1559,2041,1.250000,1.347000,2400,no
188,BUY,-0.275413,21:07:23.343886768,no,-,-,-,-,10.000000,0.100000,0.665281,2,1,1564,2036,1.250000,1.342700,2400,no
189,BUY,-0.132710,21:07:23.343886768,no,-,-,-,-,10.000000,0.100000,0.665281,2,1,1568,2032,1.250000,1.339200,2400,no
190,BUY,-0.311777,21:07:23.343886768,no,-,-,-,-,10.000000,0.100000,0.665281,2,1,1574,2026,1.250000,1.334100,2400,no
191,BUY,-0.284648,21:07:23.343886768,no,-,-,-,-,10.000000,0.100000,0.665281,2,1,1578,2022,1.250000,1.330700,2400,no
192,BUY,-0.331820,21:07:23.343886768,no,-,-,-,-,10.000000,0.100000,0.665281,2,1,1585,2015,1.250000,1.324900,2400,no
193,BUY,-0.657299,21:07:23.343886768,no,-,-,-,-,10.000000,0.100000,0.665281,2,1,1588,2012,1.250000,1.322400,2400,no
194,BUY,-0.204467,21:07:23.343886768,no,-,-,-,-,10.000000,0.100000,0.665281,2,1,1593,2007,1.250000,1.318200,2400,no
195,BUY,-0.329721,21:07:23.343886768,no,-,-,-,-,10.000000,0.100000,0.665281,2,1,1599,2001,1.250000,1.313300,2400,no
196,BUY,-0.116755,21:07:23.343886768,no,-,-,-,-,10.000000,0.100000,0.665281,2,1,1603,1997,1.250000,1.310000,2400,no
197,BUY,-0.486377,21:07:23.343886768,no,-,-,-,-,10.000000,0.100000,0.665281,2,1,1607,1993,1.250000,1.306700,2400,no
198,BUY,0.328955,21:07:23.343886768,no,-,-,-,-,10.000000,0.100000,0.665281,2,1,1612,1988,1.250000,1.302700,2400,no
199,BUY,0.211316,21:07:23.343886768,no,-,-,-,-,10.000000,0.100000,0.665281,2,1,1616,1984,1.250000,1.299500,2400,no
200,BUY,0.095486,21:07:23.343886768,no,-,-,-,-,10.000000,0.100000,0.665281,2,1,1621,1979,1.250000,1.295400,2400,no
201,BUY,0.092031,21:07:23.343886768,no,-,-,-,-,10.000000,0.100000,0.665281,2,1,1625,1975,1.250000,1.292300,2400,no
202,BUY,0.028033,21:07:23.343886768,no,-,-,-,-,10.000000,0.100000,0.665281,2,1,1632,1968,1.250000,1.286700,2400,no
203,BUY,0.003258,21:07:23.343886768,no,-,-,-,-,10.000000,0.100000,0.665281,2,1,1642,1958,1.250000,1.278900,2400,no
204,BUY,0.061404,21:07:23.343886768,no,-,-,-,-,10.000000,0.100000,0.665281,2,1,1646,1954,1.250000,1.275800,2400,no
205,BUY,-0.005979,21:07:23.343886768,no,-,-,-,-,10.000000,0.100000,0.665281,2,1,1648,1952,1.250000,1.274200,2400,no
206,BUY,-0.103847,21:07:23.343886768,no,-,-,-,-,10.000000,0.100000,0.665281,2,1,1654,1946,1.250000,1.269600,2400,no
207,BUY,0.136645,21:07:23.343886768,no,-,-,-,-,10.000000,0.100000,0.665281,2,1,1657,1943,1.250000,1.267300,2400,no
208,BUY,0.196261,21:07:23.343886768,no,-,-,-,-,10.000000,0.100000,0.665281,2,1,1662,1938,1.250000,1.263500,2400,no
209,BUY,0.031919,21:07:23.343886768,no,-,-,-,-,10.000000,0.100000,0.665281,2,1,1666,1934,1.250000,1.260500,2400,no
210,BUY,0.047592,21:07:23.343886768,no,-,-,-,-,10.000000,0.100000,0.665281,2,1,1669,1931,1.250000,1.258200,2400,no
211,BUY,-0.206587,21:07:23.343886768,no,-,-,-,-,10.000000,0.100000,0.665281,2,1,1674,1926,1.250000,1.254400,2400,no
212,BUY,2.627474,21:07:23.343886768,yes,6.500000,bid1,2400,00:00:00.000024289,9.090909,0.110000,0.665281,2,1,4929,-1329,1.250000,0.426000,2400,yes
213,BUY,1.384685,21:07:23.343886768,yes,6.500000,bid1,2400,00:00:00.000024045,8.264463,0.121000,0.665281,2,1,4936,-1336,1.250000,0.425400,2400,yes
214,BUY,0.562808,21:07:23.343886768,yes,6.500000,bid1,2400,00:00:00.000025440,7.513148,0.133100,0.665281,2,1,4942,-1342,1.250000,0.424900,2400,yes
215,BUY,0.627991,21:07:23.343886768,yes,6.500000,bid1,2400,00:00:00.000025354,6.830135,0.146410,0.665281,2,1,4947,-1347,1.250000,0.424400,2400,yes
216,BUY,1.031352,21:07:23.343886768,yes,6.500000,bid1,2400,00:00:00.000027499,6.209213,0.161051,0.665281,2,1,4955,-1355,1.250000,0.423800,2400,yes
217,BUY,0.783295,21:07:23.343886768,yes,6.500000,bid1,2400,00:00:00.000024378,5.644739,0.177156,0.665281,2,1,4960,-1360,1.250000,0.423300,2400,yes
218,BUY,0.849351,21:07:23.343886768,yes,6.500000,bid1,2400,00:00:00.000024183,5.131581,0.194872,0.665281,2,1,4966,-1366,1.250000,0.422800,2400,yes
219,BUY,-0.008041,21:07:23.343886768,yes,6.500000,bid1,2400,00:00:00.000024821,4.665074,0.214359,0.665281,2,1,4972,-1372,1.250000,0.422300,2400,yes
220,BUY,0.684480,21:07:23.343886768,yes,6.500000,bid1,2400,00:00:00.000023716,4.240976,0.235795,0.665281,2,1,4979,-1379,1.250000,0.421700,2400,yes
221,BUY,1.398165,21:07:23.343886768,yes,6.500000,bid1,2400,00:00:00.000025484,3.855433,0.259374,0.665281,2,1,4985,-1385,1.250000,0.421200,2400,yes
222,BUY,1.399476,21:07:23.343886768,yes,6.500000,bid1,2400,00:00:00.000058012,3.504939,0.285312,0.665281,2,1,4993,-1393,1.250000,0.420500,2400,yes
223,BUY,0.806132,21:07:23.343886768,yes,6.500000,bid1,2400,00:00:00.000025208,3.186308,0.313843,0.665281,2,1,4999,-1399,1.250000,0.420000,2400,yes
224,BUY,0.625297,21:07:23.343886768,yes,6.500000,bid1,2400,00:00:00.000026159,2.896644,0.345227,0.665281,2,1,5005,-1405,1.250000,0.419500,2400,yes
225,BUY,0.776400,21:07:23.343886768,yes,6.500000,bid1,2400,00:00:00.000024508,2.633313,0.379750,0.665281,2,1,5011,-1411,1.250000,0.419000,2400,yes
226,BUY,1.252691,21:07:23.343886768,yes,6.500000,bid1,2400,00:00:00.000025050,2.393920,0.417725,0.665281,2,1,5016,-1416,1.250000,0.418600,2400,yes
227,BUY,1.513873,21:07:23.343886768,yes,6.510000,ask1,2400,00:00:00.000025999,2.176291,0.459497,0.665281,2,1,5021,-1421,1.250000,0.418200,2400,yes
228,BUY,1.187170,21:07:23.343886768,yes,6.500000,bid1,2400,00:00:00.000024183,1.978447,0.505447,0.665281,2,1,5027,-1427,1.250000,0.417700,2400,yes
229,BUY,1.204659,21:07:23.343886768,yes,6.510000,ask1,2400,00:00:00.000022047,1.798588,0.555992,0.665281,2,1,5032,-1432,1.250000,0.417300,2400,yes
230,BUY,1.820832,21:07:23.343886768,yes,6.510000,ask1,2400,00:00:00.000025272,1.635080,0.611591,0.665281,2,1,5036,-1436,1.250000,0.416900,2400,yes
231,BUY,1.555853,21:07:23.343886768,yes,6.510000,ask1,2400,00:00:00.000025061,1.486436,0.672750,0.665281,2,1,5040,-1440,1.250000,0.416600,2400,yes
232,BUY,1.900763,21:07:23.343886768,yes,6.510000,ask1,2400,00:00:00.000026027,1.351306,0.740025,0.665281,2,1,5047,-1447,1.250000,0.416000,2400,yes
233,BUY,1.319737,21:07:23.343886768,yes,6.510000,ask1,2400,00:00:00.000026768,1.228460,0.814027,0.665281,2,1,5054,-1454,1.250000,0.415500,2400,yes
234,BUY,1.234828,21:07:23.343886768,yes,6.510000,ask1,2400,00:00:00.000027759,1.116782,0.895430,0.665281,2,1,5059,-1459,1.250000,0.415100,2400,yes
235,BUY,1.380240,21:07:23.343886768,yes,6.510000,ask1,2400,00:00:00.000025645,1.015256,0.984973,0.665281,2,1,5064,-1464,1.250000,0.414600,2400,yes
236,BUY,1.142128,21:07:23.343886768,yes,6.510000,ask1,2400,00:00:00.000024968,0.922960,1.083471,0.665281,2,1,5068,-1468,1.250000,0.414300,2400,yes
237,BUY,1.033399,21:07:23.343886768,yes,6.510000,ask1,2400,00:00:00.000024506,0.839055,1.191818,0.665281,2,1,5072,-1472,1.250000,0.414000,2400,yes
238,BUY,0.909586,21:07:23.343886768,yes,6.510000,ask1,300,00:00:00.000026656,0.762777,1.310999,0.665281,2,1,5075,-1475,1.250000,0.886600,0,yes
