轮数,方向,预测值,算法开始时间,是否下单,下单价格,档位,下单量,下单耗时(从预测到下单),r1,r2,std,freq,qty_scalar,经过时间,剩余时间,目标速度,实际速度,剩余量,是否为最后一轮
1,BUY,0.710624,21:07:23.343037891,yes,6.190000,ask1,100,00:00:00.000051640,0.909091,1.100000,0.627525,2,1,330,3270,1.250000,0.303000,4400,no
2,BUY,0.601101,21:07:23.343037891,yes,6.190000,ask1,100,00:00:00.000042972,0.826446,1.210000,0.627525,2,1,335,3265,1.250000,0.597000,4300,no
3,BUY,0.682800,21:07:23.343037891,yes,6.190000,ask1,100,00:00:00.000036492,0.751315,1.331000,0.627525,2,1,339,3261,1.250000,0.884900,4200,no
4,BUY,0.607065,21:07:23.343037891,yes,6.190000,ask1,100,00:00:00.000038451,0.683013,1.464100,0.627525,2,1,344,3256,1.250000,1.162700,4100,no
5,BUY,0.515922,21:07:23.343037891,yes,6.190000,ask1,100,00:00:00.000037024,0.620921,1.610510,0.627525,2,1,348,3252,1.250000,1.436700,4000,no
6,BUY,0.498034,21:07:23.343037891,yes,6.190000,ask1,100,00:00:00.000036274,0.620921,1.610510,0.627525,2,1,353,3247,1.250000,1.699700,3900,no
7,BUY,0.322583,21:07:23.343037891,no,-,-,-,-,0.620921,1.610510,0.627525,2,1,359,3241,1.250000,1.671300,3900,no
8,BUY,0.382019,21:07:23.343037891,no,-,-,-,-,0.620921,1.610510,0.627525,2,1,363,3237,1.250000,1.652800,3900,no
9,BUY,0.219030,21:07:23.343037891,no,-,-,-,-,0.620921,1.610510,0.627525,2,1,368,3232,1.250000,1.630400,3900,no
10,BUY,0.443851,21:07:23.343037891,yes,6.190000,ask1,100,00:00:00.000036838,0.620921,1.610510,0.627525,2,1,372,3228,1.250000,1.881700,3800,no
11,BUY,0.398050,21:07:23.343037891,yes,6.190000,ask1,100,00:00:00.000037703,0.620921,1.610510,0.627525,2,1,378,3222,1.250000,2.116400,3700,no
12,BUY,0.406113,21:07:23.343037891,yes,6.190000,ask1,100,00:00:00.000036190,0.620921,1.610510,0.627525,2,1,382,3218,1.250000,2.356000,3600,no
13,BUY,0.441879,21:07:23.343037891,yes,6.190000,ask1,100,00:00:00.000039449,0.620921,1.610510,0.627525,2,1,388,3212,1.250000,2.577300,3500,no
14,BUY,0.351205,21:07:23.343037891,no,-,-,-,-,0.683013,1.464100,0.627525,2,1,393,3207,1.250000,2.544500,3500,no
15,BUY,0.622637,21:07:23.343037891,yes,6.190000,ask1,100,00:00:00.000036850,0.751315,1.331000,0.627525,2,1,398,3202,1.250000,2.763800,3400,no
16,BUY,0.377243,21:07:23.343037891,no,-,-,-,-,0.826446,1.210000,0.627525,2,1,403,3197,1.250000,2.729500,3400,no
17,BUY,0.342962,21:07:23.343037891,no,-,-,-,-,0.909091,1.100000,0.627525,2,1,408,3192,1.250000,2.696000,3400,no
18,BUY,0.262701,21:07:23.343037891,no,-,-,-,-,1.000000,1.000000,0.627525,2,1,411,3189,1.250000,2.676300,3400,no
19,BUY,0.692009,21:07:23.343037891,no,-,-,-,-,1.100000,0.909091,0.627525,2,1,415,3185,1.250000,2.650600,3400,no
20,BUY,0.693434,21:07:23.343037891,no,-,-,-,-,1.210000,0.826446,0.627525,2,1,420,3180,1.250000,2.619000,3400,no
21,BUY,0.653940,21:07:23.343037891,no,-,-,-,-,1.331000,0.751315,0.627525,2,1,425,3175,1.250000,2.588200,3400,no
22,BUY,0.510641,21:07:23.343037891,no,-,-,-,-,1.464100,0.683013,0.627525,2,1,429,3171,1.250000,2.564100,3400,no
23,BUY,0.622714,21:07:23.343037891,no,-,-,-,-,1.610510,0.620921,0.627525,2,1,434,3166,1.250000,2.534500,3400,no
24,BUY,0.677286,21:07:23.343037891,no,-,-,-,-,1.771561,0.564474,0.627525,2,1,439,3161,1.250000,2.505600,3400,no
25,BUY,0.492698,21:07:23.343037891,no,-,-,-,-,1.771561,0.564474,0.627525,2,1,443,3157,1.250000,2.483000,3400,no
26,BUY,0.485384,21:07:23.343037891,no,-,-,-,-,1.771561,0.564474,0.627525,2,1,448,3152,1.250000,2.455300,3400,no
27,BUY,0.228162,21:07:23.343037891,no,-,-,-,-,1.771561,0.564474,0.627525,2,1,453,3147,1.250000,2.428200,3400,no
28,BUY,0.264009,21:07:23.343037891,no,-,-,-,-,1.771561,0.564474,0.627525,2,1,459,3141,1.250000,2.396500,3400,no
29,BUY,-0.037944,21:07:23.343037891,no,-,-,-,-,1.771561,0.564474,0.627525,2,1,463,3137,1.250000,2.375800,3400,no
30,BUY,0.179952,21:07:23.343037891,no,-,-,-,-,1.771561,0.564474,0.627525,2,1,466,3134,1.250000,2.360500,3400,no
31,BUY,0.204361,21:07:23.343037891,no,-,-,-,-,1.771561,0.564474,0.627525,2,1,472,3128,1.250000,2.330500,3400,no
32,BUY,0.329525,21:07:23.343037891,no,-,-,-,-,1.771561,0.564474,0.627525,2,1,477,3123,1.250000,2.306000,3400,no
33,BUY,0.064035,21:07:23.343037891,no,-,-,-,-,1.771561,0.564474,0.627525,2,1,481,3119,1.250000,2.286900,3400,no
34,BUY,-0.111583,21:07:23.343037891,no,-,-,-,-,1.771561,0.564474,0.627525,2,1,486,3114,1.250000,2.263300,3400,no
35,BUY,-0.048808,21:07:23.343037891,no,-,-,-,-,1.771561,0.564474,0.627525,2,1,489,3111,1.250000,2.249400,3400,no
36,BUY,-0.038426,21:07:23.343037891,no,-,-,-,-,1.771561,0.564474,0.627525,2,1,496,3104,1.250000,2.217700,3400,no
37,BUY,0.064775,21:07:23.343037891,no,-,-,-,-,1.771561,0.564474,0.627525,2,1,501,3099,1.250000,2.195600,3400,no
38,BUY,0.233606,21:07:23.343037891,no,-,-,-,-,1.771561,0.564474,0.627525,2,1,505,3095,1.250000,2.178200,3400,no
39,BUY,0.419398,21:07:23.343037891,no,-,-,-,-,1.771561,0.564474,0.627525,2,1,509,3091,1.250000,2.161100,3400,no
40,BUY,0.116509,21:07:23.343037891,no,-,-,-,-,1.771561,0.564474,0.627525,2,1,515,3085,1.250000,2.135900,3400,no
41,BUY,0.026689,21:07:23.343037891,no,-,-,-,-,1.771561,0.564474,0.627525,2,1,521,3079,1.250000,2.111300,3400,no
42,BUY,0.273350,21:07:23.343037891,no,-,-,-,-,1.771561,0.564474,0.627525,2,1,524,3076,1.250000,2.099200,3400,no
43,BUY,0.889657,21:07:23.343037891,no,-,-,-,-,1.771561,0.564474,0.627525,2,1,529,3071,1.250000,2.079300,3400,no
44,BUY,0.497215,21:07:23.343037891,no,-,-,-,-,1.771561,0.564474,0.627525,2,1,535,3065,1.250000,2.056000,3400,no
45,BUY,0.184993,21:07:23.343037891,no,-,-,-,-,1.771561,0.564474,0.627525,2,1,539,3061,1.250000,2.040800,3400,no
46,BUY,-0.003700,21:07:23.343037891,no,-,-,-,-,1.771561,0.564474,0.627525,2,1,544,3056,1.250000,2.022000,3400,no
47,BUY,0.092433,21:07:23.343037891,no,-,-,-,-,1.771561,0.564474,0.627525,2,1,548,3052,1.250000,2.007200,3400,no
48,BUY,-0.104021,21:07:23.343037891,no,-,-,-,-,1.771561,0.564474,0.627525,2,1,555,3045,1.250000,1.981900,3400,no
49,BUY,0.081342,21:07:23.343037891,no,-,-,-,-,1.771561,0.564474,0.627525,2,1,558,3042,1.250000,1.971300,3400,no
50,BUY,-0.012182,21:07:23.343037891,no,-,-,-,-,1.771561,0.564474,0.627525,2,1,564,3036,1.250000,1.950300,3400,no
51,BUY,0.209115,21:07:23.343037891,no,-,-,-,-,1.771561,0.564474,0.627525,2,1,570,3030,1.250000,1.929800,3400,no
52,BUY,0.045089,21:07:23.343037891,no,-,-,-,-,1.771561,0.564474,0.627525,2,1,574,3026,1.250000,1.916300,3400,no
53,BUY,0.216979,21:07:23.343037891,no,-,-,-,-,1.771561,0.564474,0.627525,2,1,578,3022,1.250000,1.903100,3400,no
54,BUY,0.273865,21:07:23.343037891,no,-,-,-,-,1.771561,0.564474,0.627525,2,1,584,3016,1.250000,1.883500,3400,no
55,BUY,0.023462,21:07:23.343037891,no,-,-,-,-,1.771561,0.564474,0.627525,2,1,588,3012,1.250000,1.870700,3400,no
56,BUY,0.193779,21:07:23.343037891,no,-,-,-,-,1.771561,0.564474,0.627525,2,1,594,3006,1.250000,1.851800,3400,no
57,BUY,0.351342,21:07:23.343037891,no,-,-,-,-,1.771561,0.564474,0.627525,2,1,600,3000,1.250000,1.833300,3400,no
58,BUY,0.474058,21:07:23.343037891,no,-,-,-,-,1.771561,0.564474,0.627525,2,1,605,2995,1.250000,1.818100,3400,no
59,BUY,0.189053,21:07:23.343037891,no,-,-,-,-,1.771561,0.564474,0.627525,2,1,609,2991,1.250000,1.806200,3400,no
60,BUY,0.193864,21:07:23.343037891,no,-,-,-,-,1.771561,0.564474,0.627525,2,1,616,2984,1.250000,1.785700,3400,no
61,BUY,0.140835,21:07:23.343037891,no,-,-,-,-,1.771561,0.564474,0.627525,2,1,621,2979,1.250000,1.771300,3400,no
62,BUY,0.092409,21:07:23.343037891,no,-,-,-,-,1.771561,0.564474,0.627525,2,1,626,2974,1.250000,1.757100,3400,no
63,BUY,-0.180016,21:07:23.343037891,no,-,-,-,-,1.771561,0.564474,0.627525,2,1,632,2968,1.250000,1.740500,3400,no
64,BUY,-0.117585,21:07:23.343037891,no,-,-,-,-,1.771561,0.564474,0.627525,2,1,637,2963,1.250000,1.726800,3400,no
65,BUY,-0.000827,21:07:23.343037891,no,-,-,-,-,1.771561,0.564474,0.627525,2,1,641,2959,1.250000,1.716000,3400,no
66,BUY,0.189237,21:07:23.343037891,no,-,-,-,-,1.771561,0.564474,0.627525,2,1,644,2956,1.250000,1.708000,3400,no
67,BUY,0.086430,21:07:23.343037891,no,-,-,-,-,1.771561,0.564474,0.627525,2,1,649,2951,1.250000,1.694900,3400,no
68,BUY,0.041238,21:07:23.343037891,no,-,-,-,-,1.771561,0.564474,0.627525,2,1,655,2945,1.250000,1.679300,3400,no
69,BUY,-0.031193,21:07:23.343037891,no,-,-,-,-,1.771561,0.564474,0.627525,2,1,659,2941,1.250000,1.669100,3400,no
70,BUY,-0.094772,21:07:23.343037891,no,-,-,-,-,1.771561,0.564474,0.627525,2,1,666,2934,1.250000,1.651600,3400,no
71,BUY,-0.280055,21:07:23.343037891,no,-,-,-,-,1.771561,0.564474,0.627525,2,1,671,2929,1.250000,1.639300,3400,no
72,BUY,-0.222238,21:07:23.343037891,no,-,-,-,-,1.771561,0.564474,0.627525,2,1,674,2926,1.250000,1.632000,3400,no
73,BUY,-0.166879,21:07:23.343037891,no,-,-,-,-,1.771561,0.564474,0.627525,2,1,680,2920,1.250000,1.617600,3400,no
74,BUY,-0.275647,21:07:23.343037891,no,-,-,-,-,1.771561,0.564474,0.627525,2,1,685,2915,1.250000,1.605800,3400,no
75,BUY,-0.224824,21:07:23.343037891,no,-,-,-,-,1.771561,0.564474,0.627525,2,1,689,2911,1.250000,1.596500,3400,no
76,BUY,-0.504806,21:07:23.343037891,no,-,-,-,-,1.771561,0.564474,0.627525,2,1,695,2905,1.250000,1.582700,3400,no
77,BUY,-0.586168,21:07:23.343037891,no,-,-,-,-,1.771561,0.564474,0.627525,2,1,702,2898,1.250000,1.566900,3400,no
78,BUY,-0.693644,21:07:23.343037891,no,-,-,-,-,1.771561,0.564474,0.627525,2,1,707,2893,1.250000,1.555800,3400,no
79,BUY,-0.447756,21:07:23.343037891,no,-,-,-,-,1.771561,0.564474,0.627525,2,1,713,2887,1.250000,1.542700,3400,no
80,BUY,-0.533954,21:07:23.343037891,no,-,-,-,-,1.771561,0.564474,0.627525,2,1,717,2883,1.250000,1.534100,3400,no
81,BUY,-0.671417,21:07:23.343037891,no,-,-,-,-,1.771561,0.564474,0.627525,2,1,723,2877,1.250000,1.521400,3400,no
82,BUY,-0.938526,21:07:23.343037891,no,-,-,-,-,1.771561,0.564474,0.627525,2,1,727,2873,1.250000,1.513000,3400,no
83,BUY,-0.929988,21:07:23.343037891,no,-,-,-,-,1.771561,0.564474,0.627525,2,1,732,2868,1.250000,1.502700,3400,no
84,BUY,-0.879953,21:07:23.343037891,no,-,-,-,-,1.771561,0.564474,0.627525,2,1,738,2862,1.250000,1.490500,3400,no
85,BUY,-1.030556,21:07:23.343037891,no,-,-,-,-,1.771561,0.564474,0.627525,2,1,741,2859,1.250000,1.484400,3400,no
86,BUY,-1.168012,21:07:23.343037891,no,-,-,-,-,1.771561,0.564474,0.627525,2,1,747,2853,1.250000,1.472500,3400,no
87,BUY,-1.312750,21:07:23.343037891,no,-,-,-,-,1.771561,0.564474,0.627525,2,1,751,2849,1.250000,1.464700,3400,no
88,BUY,-1.222670,21:07:23.343037891,no,-,-,-,-,1.771561,0.564474,0.627525,2,1,756,2844,1.250000,1.455000,3400,no
89,BUY,-1.133152,21:07:23.343037891,no,-,-,-,-,1.771561,0.564474,0.627525,2,1,761,2839,1.250000,1.445400,3400,no
90,BUY,-1.034128,21:07:23.343037891,no,-,-,-,-,1.771561,0.564474,0.627525,2,1,766,2834,1.250000,1.436000,3400,no
91,BUY,-0.901686,21:07:23.343037891,no,-,-,-,-,1.771561,0.564474,0.627525,2,1,771,2829,1.250000,1.426700,3400,no
92,BUY,-0.772357,21:07:23.343037891,no,-,-,-,-,1.771561,0.564474,0.627525,2,1,776,2824,1.250000,1.417500,3400,no
93,BUY,-0.639947,21:07:23.343037891,no,-,-,-,-,1.771561,0.564474,0.627525,2,1,783,2817,1.250000,1.404800,3400,no
94,BUY,-0.634816,21:07:23.343037891,no,-,-,-,-,1.771561,0.564474,0.627525,2,1,786,2814,1.250000,1.399400,3400,no
95,BUY,-0.692851,21:07:23.343037891,no,-,-,-,-,1.771561,0.564474,0.627525,2,1,791,2809,1.250000,1.390600,3400,no
96,BUY,-0.681018,21:07:23.343037891,no,-,-,-,-,1.771561,0.564474,0.627525,2,1,796,2804,1.250000,1.381900,3400,no
97,BUY,-0.622005,21:07:23.343037891,no,-,-,-,-,1.771561,0.564474,0.627525,2,1,800,2800,1.250000,1.375000,3400,no
98,BUY,-0.749630,21:07:23.343037891,no,-,-,-,-,1.771561,0.564474,0.627525,2,1,805,2795,1.250000,1.366400,3400,no
99,BUY,-0.799784,21:07:23.343037891,no,-,-,-,-,1.771561,0.564474,0.627525,2,1,810,2790,1.250000,1.358000,3400,no
100,BUY,-0.782732,21:07:23.343037891,no,-,-,-,-,1.771561,0.564474,0.627525,2,1,816,2784,1.250000,1.348000,3400,no
101,BUY,-1.119437,21:07:23.343037891,no,-,-,-,-,1.771561,0.564474,0.627525,2,1,821,2779,1.250000,1.339800,3400,no
102,BUY,-0.806303,21:07:23.343037891,no,-,-,-,-,1.771561,0.564474,0.627525,2,1,824,2776,1.250000,1.334900,3400,no
103,BUY,-0.768993,21:07:23.343037891,no,-,-,-,-,1.771561,0.564474,0.627525,2,1,829,2771,1.250000,1.326800,3400,no
104,BUY,-0.968668,21:07:23.343037891,no,-,-,-,-,1.771561,0.564474,0.627525,2,1,835,2765,1.250000,1.317300,3400,no
105,BUY,-0.732138,21:07:23.343037891,no,-,-,-,-,1.771561,0.564474,0.627525,2,1,837,2763,1.250000,1.314200,3400,no
106,BUY,-0.879491,21:07:23.343037891,no,-,-,-,-,1.771561,0.564474,0.627525,2,1,843,2757,1.250000,1.304800,3400,no
107,BUY,-0.280961,21:07:23.343037891,no,-,-,-,-,1.771561,0.564474,0.627525,2,1,848,2752,1.250000,1.297100,3400,no
108,BUY,-0.102142,21:07:23.343037891,no,-,-,-,-,1.771561,0.564474,0.627525,2,1,853,2747,1.250000,1.289500,3400,no
109,BUY,-0.455132,21:07:23.343037891,no,-,-,-,-,1.771561,0.564474,0.627525,2,1,859,2741,1.250000,1.280500,3400,no
110,BUY,-0.413035,21:07:23.343037891,no,-,-,-,-,1.771561,0.564474,0.627525,2,1,863,2737,1.250000,1.274600,3400,no
111,BUY,-0.193170,21:07:23.343037891,no,-,-,-,-,1.771561,0.564474,0.627525,2,1,868,2732,1.250000,1.267200,3400,no
112,BUY,-0.165729,21:07:23.343037891,no,-,-,-,-,1.771561,0.564474,0.627525,2,1,872,2728,1.250000,1.261400,3400,no
113,BUY,-0.395762,21:07:23.343037891,no,-,-,-,-,1.771561,0.564474,0.627525,2,1,877,2723,1.250000,1.254200,3400,no
114,BUY,-0.412741,21:07:23.343037891,no,-,-,-,-,1.610510,0.620921,0.627525,2,1,882,2718,1.250000,1.247100,3400,no
115,BUY,-0.166074,21:07:23.343037891,no,-,-,-,-,1.464100,0.683013,0.627525,2,1,887,2713,1.250000,1.240100,3400,no
116,BUY,-0.163551,21:07:23.343037891,no,-,-,-,-,1.331000,0.751315,0.627525,2,1,893,2707,1.250000,1.231800,3400,no
117,BUY,-0.249468,21:07:23.343037891,no,-,-,-,-,1.210000,0.826446,0.627525,2,1,897,2703,1.250000,1.226300,3400,no
118,BUY,-0.206347,21:07:23.343037891,no,-,-,-,-,1.100000,0.909091,0.627525,2,1,903,2697,1.250000,1.218100,3400,no
119,BUY,-0.023270,21:07:23.343037891,no,-,-,-,-,1.000000,1.000000,0.627525,2,1,907,2693,1.250000,1.212700,3400,no
120,BUY,-0.737148,21:07:23.343037891,no,-,-,-,-,0.909091,1.100000,0.627525,2,1,1190,2410,1.250000,0.924300,3400,no
121,BUY,-0.940697,21:07:23.343037891,no,-,-,-,-,0.826446,1.210000,0.627525,2,1,1195,2405,1.250000,0.920500,3400,no
122,BUY,-1.083529,21:07:23.343037891,no,-,-,-,-,0.751315,1.331000,0.627525,2,1,1202,2398,1.250000,0.915100,3400,no
123,BUY,-0.865819,21:07:23.343037891,no,-,-,-,-,0.683013,1.464100,0.627525,2,1,1207,2393,1.250000,0.911300,3400,no
124,BUY,-0.611154,21:07:23.343037891,no,-,-,-,-,0.620921,1.610510,0.627525,2,1,1213,2387,1.250000,0.906800,3400,no
125,BUY,-0.813333,21:07:23.343037891,no,-,-,-,-,0.564474,1.771561,0.627525,2,1,1220,2380,1.250000,0.901600,3400,no
126,BUY,-0.787757,21:07:23.343037891,no,-,-,-,-,0.513158,1.948717,0.627525,2,1,1226,2374,1.250000,0.897200,3400,no
127,BUY,-0.607881,21:07:23.343037891,no,-,-,-,-,0.466507,2.143589,0.627525,2,1,1231,2369,1.250000,0.893500,3400,no
128,BUY,0.169829,21:07:23.343037891,no,-,-,-,-,0.424098,2.357948,0.627525,2,1,1236,2364,1.250000,0.889900,3400,no
129,BUY,0.204946,21:07:23.343037891,no,-,-,-,-,0.385543,2.593742,0.627525,2,1,1242,2358,1.250000,0.885600,3400,no
130,BUY,0.009405,21:07:23.343037891,no,-,-,-,-,0.350494,2.853117,0.627525,2,1,1249,2351,1.250000,0.880700,3400,no
131,BUY,-0.245340,21:07:23.343037891,no,-,-,-,-,0.318631,3.138428,0.627525,2,1,1259,2341,1.250000,0.873700,3400,no
132,BUY,-0.236616,21:07:23.343037891,no,-,-,-,-,0.289664,3.452271,0.627525,2,1,1266,2334,1.250000,0.868800,3400,no
133,BUY,-0.266387,21:07:23.343037891,no,-,-,-,-,0.263331,3.797498,0.627525,2,1,1271,2329,1.250000,0.865400,3400,no
134,BUY,-0.451250,21:07:23.343037891,no,-,-,-,-,0.239392,4.177248,0.627525,2,1,1276,2324,1.250000,0.862000,3400,no
135,BUY,-0.500969,21:07:23.343037891,no,-,-,-,-,0.217629,4.594973,0.627525,2,1,1283,2317,1.250000,0.857300,3400,no
136,BUY,-0.616864,21:07:23.343037891,no,-,-,-,-,0.197845,5.054470,0.627525,2,1,1290,2310,1.250000,0.852700,3400,no
137,BUY,-0.389536,21:07:23.343037891,no,-,-,-,-,0.179859,5.559917,0.627525,2,1,1298,2302,1.250000,0.847400,3400,no
138,BUY,-0.343458,21:07:23.343037891,no,-,-,-,-,0.163508,6.115909,0.627525,2,1,1301,2299,1.250000,0.845500,3400,no
139,BUY,-0.551475,21:07:23.343037891,no,-,-,-,-,0.148644,6.727500,0.627525,2,1,1308,2292,1.250000,0.840900,3400,no
140,BUY,-0.395396,21:07:23.343037891,no,-,-,-,-,0.135131,7.400250,0.627525,2,1,1314,2286,1.250000,0.837100,3400,no
141,BUY,-0.308756,21:07:23.343037891,no,-,-,-,-,0.122846,8.140275,0.627525,2,1,1319,2281,1.250000,0.833900,3400,no
142,BUY,-0.406017,21:07:23.343037891,no,-,-,-,-,0.111678,8.954302,0.627525,2,1,1326,2274,1.250000,0.829500,3400,no
143,BUY,-0.389837,21:07:23.343037891,no,-,-,-,-,0.101526,9.849733,0.627525,2,1,1332,2268,1.250000,0.825800,3400,no
144,BUY,-0.355179,21:07:23.343037891,no,-,-,-,-,0.100000,10.000000,0.627525,2,1,1338,2262,1.250000,0.822100,3400,no
145,BUY,-0.437239,21:07:23.343037891,no,-,-,-,-,0.100000,10.000000,0.627525,2,1,1343,2257,1.250000,0.819000,3400,no
146,BUY,-0.312618,21:07:23.343037891,no,-,-,-,-,0.100000,10.000000,0.627525,2,1,1348,2252,1.250000,0.816000,3400,no
147,BUY,-0.320499,21:07:23.343037891,no,-,-,-,-,0.100000,10.000000,0.627525,2,1,1352,2248,1.250000,0.813600,3400,no
148,BUY,-0.461752,21:07:23.343037891,no,-,-,-,-,0.100000,10.000000,0.627525,2,1,1356,2244,1.250000,0.811200,3400,no
149,BUY,-0.336301,21:07:23.343037891,no,-,-,-,-,0.100000,10.000000,0.627525,2,1,1362,2238,1.250000,0.807600,3400,no
150,BUY,-0.477191,21:07:23.343037891,no,-,-,-,-,0.100000,10.000000,0.627525,2,1,1367,2233,1.250000,0.804600,3400,no
151,BUY,-0.563927,21:07:23.343037891,no,-,-,-,-,0.100000,10.000000,0.627525,2,1,1373,2227,1.250000,0.801100,3400,no
152,BUY,-0.421819,21:07:23.343037891,no,-,-,-,-,0.100000,10.000000,0.627525,2,1,1380,2220,1.250000,0.797100,3400,no
153,BUY,-0.302057,21:07:23.343037891,no,-,-,-,-,0.100000,10.000000,0.627525,2,1,1384,2216,1.250000,0.794700,3400,no
154,BUY,-0.212673,21:07:23.343037891,no,-,-,-,-,0.100000,10.000000,0.627525,2,1,1388,2212,1.250000,0.792500,3400,no
155,BUY,-0.295993,21:07:23.343037891,no,-,-,-,-,0.100000,10.000000,0.627525,2,1,1393,2207,1.250000,0.789600,3400,no
156,BUY,-0.272222,21:07:23.343037891,no,-,-,-,-,0.100000,10.000000,0.627525,2,1,1397,2203,1.250000,0.787400,3400,no
157,BUY,-0.462396,21:07:23.343037891,no,-,-,-,-,0.100000,10.000000,0.627525,2,1,1403,2197,1.250000,0.784000,3400,no
158,BUY,-0.421909,21:07:23.343037891,no,-,-,-,-,0.100000,10.000000,0.627525,2,1,1413,2187,1.250000,0.778400,3400,no
159,BUY,-0.156749,21:07:23.343037891,no,-,-,-,-,0.100000,10.000000,0.627525,2,1,1416,2184,1.250000,0.776800,3400,no
160,BUY,-0.633747,21:07:23.343037891,no,-,-,-,-,0.100000,10.000000,0.627525,2,1,1422,2178,1.250000,0.773500,3400,no
161,BUY,-0.639098,21:07:23.343037891,no,-,-,-,-,0.100000,10.000000,0.627525,2,1,1426,2174,1.250000,0.771300,3400,no
162,BUY,-0.299780,21:07:23.343037891,no,-,-,-,-,0.100000,10.000000,0.627525,2,1,1430,2170,1.250000,0.769200,3400,no
163,BUY,-0.382032,21:07:23.343037891,no,-,-,-,-,0.100000,10.000000,0.627525,2,1,1436,2164,1.250000,0.766000,3400,no
164,BUY,-0.466407,21:07:23.343037891,no,-,-,-,-,0.100000,10.000000,0.627525,2,1,1440,2160,1.250000,0.763800,3400,no
165,BUY,-0.529562,21:07:23.343037891,no,-,-,-,-,0.100000,10.000000,0.627525,2,1,1446,2154,1.250000,0.760700,3400,no
166,BUY,-0.443679,21:07:23.343037891,no,-,-,-,-,0.100000,10.000000,0.627525,2,1,1451,2149,1.250000,0.758000,3400,no
167,BUY,-0.319860,21:07:23.343037891,no,-,-,-,-,0.100000,10.000000,0.627525,2,1,1455,2145,1.250000,0.756000,3400,no
168,BUY,-0.343325,21:07:23.343037891,no,-,-,-,-,0.100000,10.000000,0.627525,2,1,1460,2140,1.250000,0.753400,3400,no
169,BUY,-0.300334,21:07:23.343037891,no,-,-,-,-,0.100000,10.000000,0.627525,2,1,1465,2135,1.250000,0.750800,3400,no
170,BUY,-0.350981,21:07:23.343037891,no,-,-,-,-,0.100000,10.000000,0.627525,2,1,1470,2130,1.250000,0.748200,3400,no
171,BUY,-0.374680,21:07:23.343037891,no,-,-,-,-,0.100000,10.000000,0.627525,2,1,1475,2125,1.250000,0.745700,3400,no
172,BUY,-0.277698,21:07:23.343037891,no,-,-,-,-,0.100000,10.000000,0.627525,2,1,1479,2121,1.250000,0.743700,3400,no
173,BUY,-0.224900,21:07:23.343037891,no,-,-,-,-,0.100000,10.000000,0.627525,2,1,1483,2117,1.250000,0.741700,3400,no
174,BUY,-0.174612,21:07:23.343037891,no,-,-,-,-,0.100000,10.000000,0.627525,2,1,1488,2112,1.250000,0.739200,3400,no
175,BUY,-0.188099,21:07:23.343037891,no,-,-,-,-,0.100000,10.000000,0.627525,2,1,1493,2107,1.250000,0.736700,3400,no
176,BUY,-0.219736,21:07:23.343037891,no,-,-,-,-,0.100000,10.000000,0.627525,2,1,1501,2099,1.250000,0.732800,3400,no
177,BUY,0.503376,21:07:23.343037891,yes,6.170000,ask1,1000,00:00:00.000035872,0.100000,10.000000,0.627525,2,1,1506,2094,1.250000,0.730400,3400,no
178,BUY,0.276780,21:07:23.343037891,yes,6.170000,ask1,1000,00:00:00.000035728,0.100000,10.000000,0.627525,2,1,1510,2090,1.250000,0.728400,3400,no
179,BUY,-0.026337,21:07:23.343037891,no,-,-,-,-,0.100000,10.000000,0.627525,2,1,1516,2084,1.250000,0.725500,3400,no
180,BUY,0.101444,21:07:23.343037891,yes,6.170000,ask1,1000,00:00:00.000036179,0.100000,10.000000,0.627525,2,1,1521,2079,1.250000,0.723200,3400,no
181,BUY,-0.199473,21:07:23.343037891,no,-,-,-,-,0.100000,10.000000,0.627525,2,1,1525,2075,1.250000,0.721300,3400,no
182,BUY,-0.381276,21:07:23.343037891,no,-,-,-,-,0.100000,10.000000,0.627525,2,1,1529,2071,1.250000,0.719400,3400,no
183,BUY,-0.224633,21:07:23.343037891,no,-,-,-,-,0.100000,10.000000,0.627525,2,1,1535,2065,1.250000,0.716600,3400,no
184,BUY,-0.185791,21:07:23.343037891,no,-,-,-,-,0.100000,10.000000,0.627525,2,1,1542,2058,1.250000,0.713300,3400,no
185,BUY,0.059695,21:07:23.343037891,no,-,-,-,-,0.100000,10.000000,0.627525,2,1,1545,2055,1.250000,0.711900,3400,no
186,BUY,-0.159352,21:07:23.343037891,no,-,-,-,-,0.100000,10.000000,0.627525,2,1,1548,2052,1.250000,0.710500,3400,no
187,BUY,-0.168237,21:07:23.343037891,no,-,-,-,-,0.100000,10.000000,0.627525,2,1,1552,2048,1.250000,0.708700,3400,no
188,BUY,-0.123812,21:07:23.343037891,no,-,-,-,-,0.100000,10.000000,0.627525,2,1,1559,2041,1.250000,0.705500,3400,no
189,BUY,-0.036296,21:07:23.343037891,no,-,-,-,-,0.100000,10.000000,0.627525,2,1,1563,2037,1.250000,0.703700,3400,no
190,BUY,-0.027498,21:07:23.343037891,no,-,-,-,-,0.100000,10.000000,0.627525,2,1,1568,2032,1.250000,0.701500,3400,no
191,BUY,0.161854,21:07:23.343037891,yes,6.170000,ask1,1000,00:00:00.000037829,0.100000,10.000000,0.627525,2,1,1574,2026,1.250000,0.698800,3400,no
192,BUY,0.216428,21:07:23.343037891,yes,6.170000,ask1,1000,00:00:00.000037263,0.100000,10.000000,0.627525,2,1,1578,2022,1.250000,0.697000,3400,no
193,BUY,0.168810,21:07:23.343037891,yes,6.170000,ask1,1000,00:00:00.000053677,0.100000,10.000000,0.627525,2,1,1585,2015,1.250000,0.694000,3400,no
194,BUY,0.110880,21:07:23.343037891,yes,6.170000,ask1,1000,00:00:00.000038052,0.100000,10.000000,0.627525,2,1,1588,2012,1.250000,0.692600,3400,no
195,BUY,0.174461,21:07:23.343037891,yes,6.170000,ask1,1000,00:00:00.000037585,0.100000,10.000000,0.627525,2,1,1593,2007,1.250000,0.690500,3400,no
196,BUY,0.153036,21:07:23.343037891,yes,6.170000,ask1,1000,00:00:00.000044698,0.100000,10.000000,0.627525,2,1,1599,2001,1.250000,0.687900,3400,no
197,BUY,0.167660,21:07:23.343037891,yes,6.170000,ask1,1000,00:00:00.000036567,0.100000,10.000000,0.627525,2,1,1603,1997,1.250000,0.686200,3400,no
198,BUY,0.514391,21:07:23.343037891,yes,6.160000,ask1,1000,00:00:00.000038531,0.100000,10.000000,0.627525,2,1,1607,1993,1.250000,0.684500,3400,no
199,BUY,0.277862,21:07:23.343037891,yes,6.160000,ask1,1000,00:00:00.000035846,0.100000,10.000000,0.627525,2,1,1612,1988,1.250000,0.682300,3400,no
200,BUY,0.141279,21:07:23.343037891,yes,6.160000,ask1,1000,00:00:00.000036791,0.100000,10.000000,0.627525,2,1,1616,1984,1.250000,0.680600,3400,no
201,BUY,0.097469,21:07:23.343037891,yes,6.160000,ask1,1000,00:00:00.000074583,0.100000,10.000000,0.627525,2,1,1620,1980,1.250000,0.679000,3400,no
202,BUY,0.138302,21:07:23.343037891,yes,6.160000,ask1,1000,00:00:00.000037149,0.100000,10.000000,0.627525,2,1,1625,1975,1.250000,0.676900,3400,no
203,BUY,-0.351784,21:07:23.343037891,no,-,-,-,-,0.100000,10.000000,0.627525,2,1,1632,1968,1.250000,0.674000,3400,no
204,BUY,-0.153596,21:07:23.343037891,no,-,-,-,-,0.100000,10.000000,0.627525,2,1,1638,1962,1.250000,0.671500,3400,no
205,BUY,-0.134495,21:07:23.343037891,no,-,-,-,-,0.100000,10.000000,0.627525,2,1,1642,1958,1.250000,0.669900,3400,no
206,BUY,-0.080979,21:07:23.343037891,no,-,-,-,-,0.100000,10.000000,0.627525,2,1,1646,1954,1.250000,0.668200,3400,no
207,BUY,-0.113313,21:07:23.343037891,no,-,-,-,-,0.100000,10.000000,0.627525,2,1,1648,1952,1.250000,0.667400,3400,no
208,BUY,0.016629,21:07:23.343037891,no,-,-,-,-,0.100000,10.000000,0.627525,2,1,1654,1946,1.250000,0.665000,3400,no
209,BUY,0.031484,21:07:23.343037891,no,-,-,-,-,0.100000,10.000000,0.627525,2,1,1657,1943,1.250000,0.663800,3400,no
210,BUY,-0.076233,21:07:23.343037891,no,-,-,-,-,0.100000,10.000000,0.627525,2,1,1662,1938,1.250000,0.661800,3400,no
211,BUY,-0.034069,21:07:23.343037891,no,-,-,-,-,0.100000,10.000000,0.627525,2,1,1666,1934,1.250000,0.660200,3400,no
212,BUY,-0.052200,21:07:23.343037891,no,-,-,-,-,0.100000,10.000000,0.627525,2,1,1669,1931,1.250000,0.659000,3400,no
213,BUY,-0.215201,21:07:23.343037891,no,-,-,-,-,0.100000,10.000000,0.627525,2,1,1674,1926,1.250000,0.657100,3400,no
214,BUY,0.737916,21:07:23.343037891,yes,6.150000,ask1,3400,00:00:00.000025697,0.100000,10.000000,0.627525,2,1,4929,-1329,1.250000,0.223100,3400,yes
215,BUY,0.329675,21:07:23.343037891,yes,6.150000,ask1,3400,00:00:00.000031975,0.100000,10.000000,0.627525,2,1,4936,-1336,1.250000,0.222800,3400,yes
216,BUY,0.733384,21:07:23.343037891,yes,6.150000,ask1,3400,00:00:00.000024538,0.100000,10.000000,0.627525,2,1,4942,-1342,1.250000,0.222500,3400,yes
217,BUY,1.120884,21:07:23.343037891,yes,6.150000,ask1,3400,00:00:00.000026230,0.100000,10.000000,0.627525,2,1,4947,-1347,1.250000,0.222300,3400,yes
218,BUY,0.755341,21:07:23.343037891,yes,6.150000,ask1,3400,00:00:00.000050352,0.100000,10.000000,0.627525,2,1,4955,-1355,1.250000,0.221900,3400,yes
219,BUY,0.013707,21:07:23.343037891,yes,6.140000,bid1,3400,00:00:00.000025794,0.100000,10.000000,0.627525,2,1,4960,-1360,1.250000,0.221700,3400,yes
220,BUY,0.176402,21:07:23.343037891,yes,6.150000,ask1,3400,00:00:00.000031748,0.100000,10.000000,0.627525,2,1,4966,-1366,1.250000,0.221500,3400,yes
221,BUY,0.090976,21:07:23.343037891,yes,6.150000,ask1,3400,00:00:00.000025130,0.100000,10.000000,0.627525,2,1,4972,-1372,1.250000,0.221200,3400,yes
222,BUY,0.370473,21:07:23.343037891,yes,6.150000,ask1,3400,00:00:00.000025692,0.100000,10.000000,0.627525,2,1,4979,-1379,1.250000,0.220900,3400,yes
223,BUY,0.244595,21:07:23.343037891,yes,6.150000,ask1,3400,00:00:00.000024886,0.100000,10.000000,0.627525,2,1,4985,-1385,1.250000,0.220600,3400,yes
224,BUY,0.235530,21:07:23.343037891,yes,6.150000,ask1,3400,00:00:00.000025367,0.100000,10.000000,0.627525,2,1,4991,-1391,1.250000,0.220300,3400,yes
225,BUY,0.044478,21:07:23.343037891,yes,6.140000,bid1,3400,00:00:00.000024443,0.100000,10.000000,0.627525,2,1,4999,-1399,1.250000,0.220000,3400,yes
226,BUY,0.221412,21:07:23.343037891,yes,6.150000,ask1,3400,00:00:00.000026812,0.100000,10.000000,0.627525,2,1,5005,-1405,1.250000,0.219700,3400,yes
227,BUY,-0.025328,21:07:23.343037891,yes,6.140000,bid1,3400,00:00:00.000025836,0.100000,10.000000,0.627525,2,1,5011,-1411,1.250000,0.219500,3400,yes
228,BUY,-0.179409,21:07:23.343037891,yes,6.140000,bid1,3400,00:00:00.000024299,0.100000,10.000000,0.627525,2,1,5016,-1416,1.250000,0.219200,3400,yes
229,BUY,0.076125,21:07:23.343037891,yes,6.150000,ask1,3400,00:00:00.000030920,0.100000,10.000000,0.627525,2,1,5021,-1421,1.250000,0.219000,3400,yes
230,BUY,0.721267,21:07:23.343037891,yes,6.150000,ask1,3400,00:00:00.000025731,0.100000,10.000000,0.627525,2,1,5027,-1427,1.250000,0.218800,3400,yes
231,BUY,1.069901,21:07:23.343037891,yes,6.150000,ask1,3400,00:00:00.000022463,0.100000,10.000000,0.627525,2,1,5032,-1432,1.250000,0.218600,3400,yes
232,BUY,0.951923,21:07:23.343037891,yes,6.150000,ask1,3400,00:00:00.000046855,0.100000,10.000000,0.627525,2,1,5036,-1436,1.250000,0.218400,3400,yes
233,BUY,0.093092,21:07:23.343037891,yes,6.150000,ask1,3400,00:00:00.000024240,0.100000,10.000000,0.627525,2,1,5040,-1440,1.250000,0.218200,3400,yes
234,BUY,0.701284,21:07:23.343037891,yes,6.150000,ask1,3400,00:00:00.000029549,0.100000,10.000000,0.627525,2,1,5047,-1447,1.250000,0.217900,3400,yes
235,BUY,0.374329,21:07:23.343037891,yes,6.150000,ask1,3400,00:00:00.000025689,0.100000,10.000000,0.627525,2,1,5054,-1454,1.250000,0.217600,3400,yes
236,BUY,0.563962,21:07:23.343037891,yes,6.150000,ask1,3400,00:00:00.000025275,0.100000,10.000000,0.627525,2,1,5059,-1459,1.250000,0.217400,3400,yes
237,BUY,0.402157,21:07:23.343037891,yes,6.150000,ask1,3400,00:00:00.000025240,0.100000,10.000000,0.627525,2,1,5064,-1464,1.250000,0.217200,3400,yes
238,BUY,0.452707,21:07:23.343037891,yes,6.150000,ask1,3400,00:00:00.000025106,0.100000,10.000000,0.627525,2,1,5068,-1468,1.250000,0.217000,3400,yes
239,BUY,0.448089,21:07:23.343037891,yes,6.150000,ask1,3400,00:00:00.000024736,0.100000,10.000000,0.627525,2,1,5072,-1472,1.250000,0.216800,3400,yes
240,BUY,0.551391,21:07:23.343037891,yes,6.150000,ask1,2300,00:00:00.000029646,0.100000,10.000000,0.627525,2,1,5075,-1475,1.250000,0.886600,0,yes
