轮数,方向,预测值,算法开始时间,是否下单,下单价格,档位,下单量,下单耗时(从预测到下单),r1,r2,std,freq,qty_scalar,经过时间,剩余时间,目标速度,实际速度,剩余量,是否为最后一轮
1,BUY,1.224960,21:07:23.344702838,yes,17.230000,ask1,100,00:00:00.000054684,0.909091,1.100000,0.807517,2,1,332,3268,1.250000,0.301200,4400,no
2,BUY,0.531056,21:07:23.344702838,no,-,-,-,-,0.826446,1.210000,0.807517,2,1,337,3263,1.250000,0.296700,4400,no
3,BUY,0.654570,21:07:23.344702838,yes,17.230000,ask1,100,00:00:00.000036810,0.751315,1.331000,0.807517,2,1,347,3253,1.250000,0.576300,4300,no
4,BUY,0.418594,21:07:23.344702838,no,-,-,-,-,0.683013,1.464100,0.807517,2,1,352,3248,1.250000,0.568100,4300,no
5,BUY,0.488027,21:07:23.344702838,no,-,-,-,-,0.620921,1.610510,0.807517,2,1,358,3242,1.250000,0.558600,4300,no
6,BUY,0.487312,21:07:23.344702838,yes,17.230000,ask1,100,00:00:00.000036841,0.564474,1.771561,0.807517,2,1,361,3239,1.250000,0.554000,4300,no
7,BUY,0.250997,21:07:23.344702838,no,-,-,-,-,0.513158,1.948717,0.807517,2,1,365,3235,1.250000,0.821900,4200,no
8,BUY,1.485720,21:07:23.344702838,yes,17.230000,ask1,200,00:00:00.000038891,0.466507,2.143589,0.807517,2,1,370,3230,1.250000,1.351300,4000,no
9,BUY,1.624063,21:07:23.344702838,yes,17.220000,ask1,200,00:00:00.000035840,0.466507,2.143589,0.807517,2,1,374,3226,1.250000,1.871600,3800,no
10,BUY,0.955721,21:07:23.344702838,yes,17.230000,ask1,200,00:00:00.000041755,0.466507,2.143589,0.807517,2,1,380,3220,1.250000,2.368400,3600,no
11,BUY,0.175144,21:07:23.344702838,no,-,-,-,-,0.466507,2.143589,0.807517,2,1,384,3216,1.250000,2.343700,3600,no
12,BUY,0.042695,21:07:23.344702838,no,-,-,-,-,0.466507,2.143589,0.807517,2,1,391,3209,1.250000,2.301700,3600,no
13,BUY,-0.165916,21:07:23.344702838,no,-,-,-,-,0.466507,2.143589,0.807517,2,1,396,3204,1.250000,2.272700,3600,no
14,BUY,-0.147367,21:07:23.344702838,no,-,-,-,-,0.466507,2.143589,0.807517,2,1,401,3199,1.250000,2.244300,3600,no
15,BUY,-0.086916,21:07:23.344702838,no,-,-,-,-,0.466507,2.143589,0.807517,2,1,406,3194,1.250000,2.216700,3600,no
16,BUY,0.753367,21:07:23.344702838,yes,17.240000,ask1,200,00:00:00.000044465,0.466507,2.143589,0.807517,2,1,410,3190,1.250000,2.682900,3400,no
17,BUY,-0.534966,21:07:23.344702838,no,-,-,-,-,0.513158,1.948717,0.807517,2,1,413,3187,1.250000,2.663400,3400,no
18,BUY,0.653368,21:07:23.344702838,yes,17.230000,ask1,100,00:00:00.000040389,0.564474,1.771561,0.807517,2,1,418,3182,1.250000,2.631500,3400,no
19,BUY,0.864734,21:07:23.344702838,yes,17.230000,ask1,100,00:00:00.000060206,0.620921,1.610510,0.807517,2,1,422,3178,1.250000,3.080500,3200,no
20,BUY,-0.012669,21:07:23.344702838,no,-,-,-,-,0.683013,1.464100,0.807517,2,1,427,3173,1.250000,3.044400,3200,no
21,BUY,0.137977,21:07:23.344702838,no,-,-,-,-,0.751315,1.331000,0.807517,2,1,431,3169,1.250000,3.016200,3200,no
22,BUY,1.298935,21:07:23.344702838,yes,17.220000,ask1,100,00:00:00.000037620,0.826446,1.210000,0.807517,2,1,437,3163,1.250000,3.203600,3100,no
23,BUY,0.661358,21:07:23.344702838,no,-,-,-,-,0.909091,1.100000,0.807517,2,1,443,3157,1.250000,3.160200,3100,no
24,BUY,0.281912,21:07:23.344702838,no,-,-,-,-,1.000000,1.000000,0.807517,2,1,446,3154,1.250000,3.139000,3100,no
25,BUY,-0.134494,21:07:23.344702838,no,-,-,-,-,1.100000,0.909091,0.807517,2,1,450,3150,1.250000,3.111100,3100,no
26,BUY,-0.204904,21:07:23.344702838,no,-,-,-,-,1.210000,0.826446,0.807517,2,1,457,3143,1.250000,3.063400,3100,no
27,BUY,0.035934,21:07:23.344702838,no,-,-,-,-,1.331000,0.751315,0.807517,2,1,461,3139,1.250000,3.036800,3100,no
28,BUY,0.025852,21:07:23.344702838,no,-,-,-,-,1.464100,0.683013,0.807517,2,1,465,3135,1.250000,3.010700,3100,no
29,BUY,0.148411,21:07:23.344702838,no,-,-,-,-,1.610510,0.620921,0.807517,2,1,469,3131,1.250000,2.985000,3100,no
30,BUY,-0.275243,21:07:23.344702838,no,-,-,-,-,1.771561,0.564474,0.807517,2,1,474,3126,1.250000,2.953500,3100,no
31,BUY,-0.076871,21:07:23.344702838,no,-,-,-,-,1.948717,0.513158,0.807517,2,1,479,3121,1.250000,2.922700,3100,no
32,BUY,2.120367,21:07:23.344702838,no,-,-,-,-,2.143589,0.466507,0.807517,2,1,485,3115,1.250000,2.886500,3100,no
33,BUY,0.267764,21:07:23.344702838,no,-,-,-,-,2.357948,0.424098,0.807517,2,1,488,3112,1.250000,2.868800,3100,no
34,BUY,0.593502,21:07:23.344702838,no,-,-,-,-,2.593742,0.385543,0.807517,2,1,493,3107,1.250000,2.839700,3100,no
35,BUY,0.427485,21:07:23.344702838,no,-,-,-,-,2.853117,0.350494,0.807517,2,1,499,3101,1.250000,2.805600,3100,no
36,BUY,0.314780,21:07:23.344702838,no,-,-,-,-,3.138428,0.318631,0.807517,2,1,503,3097,1.250000,2.783300,3100,no
37,BUY,0.373030,21:07:23.344702838,no,-,-,-,-,3.452271,0.289664,0.807517,2,1,508,3092,1.250000,2.755900,3100,no
38,BUY,0.924682,21:07:23.344702838,no,-,-,-,-,3.797498,0.263331,0.807517,2,1,512,3088,1.250000,2.734300,3100,no
39,BUY,0.144121,21:07:23.344702838,no,-,-,-,-,4.177248,0.239392,0.807517,2,1,517,3083,1.250000,2.707900,3100,no
40,BUY,-0.250766,21:07:23.344702838,no,-,-,-,-,4.594973,0.217629,0.807517,2,1,523,3077,1.250000,2.676800,3100,no
41,BUY,-0.336770,21:07:23.344702838,no,-,-,-,-,5.054470,0.197845,0.807517,2,1,528,3072,1.250000,2.651500,3100,no
42,BUY,-0.395907,21:07:23.344702838,no,-,-,-,-,5.559917,0.179859,0.807517,2,1,532,3068,1.250000,2.631500,3100,no
43,BUY,-0.318972,21:07:23.344702838,no,-,-,-,-,6.115909,0.163508,0.807517,2,1,537,3063,1.250000,2.607000,3100,no
44,BUY,-0.779750,21:07:23.344702838,no,-,-,-,-,6.727500,0.148644,0.807517,2,1,542,3058,1.250000,2.583000,3100,no
45,BUY,-0.137043,21:07:23.344702838,no,-,-,-,-,7.400250,0.135131,0.807517,2,1,546,3054,1.250000,2.564100,3100,no
46,BUY,0.182845,21:07:23.344702838,no,-,-,-,-,8.140275,0.122846,0.807517,2,1,552,3048,1.250000,2.536200,3100,no
47,BUY,1.431815,21:07:23.344702838,no,-,-,-,-,8.954302,0.111678,0.807517,2,1,556,3044,1.250000,2.517900,3100,no
48,BUY,1.911198,21:07:23.344702838,no,-,-,-,-,8.954302,0.111678,0.807517,2,1,563,3037,1.250000,2.486600,3100,no
49,BUY,1.390998,21:07:23.344702838,no,-,-,-,-,8.954302,0.111678,0.807517,2,1,567,3033,1.250000,2.469100,3100,no
50,BUY,-0.110431,21:07:23.344702838,no,-,-,-,-,8.954302,0.111678,0.807517,2,1,572,3028,1.250000,2.447500,3100,no
51,BUY,-0.046079,21:07:23.344702838,no,-,-,-,-,8.954302,0.111678,0.807517,2,1,577,3023,1.250000,2.426300,3100,no
52,BUY,0.025049,21:07:23.344702838,no,-,-,-,-,8.954302,0.111678,0.807517,2,1,583,3017,1.250000,2.401300,3100,no
53,BUY,-0.815726,21:07:23.344702838,no,-,-,-,-,8.954302,0.111678,0.807517,2,1,586,3014,1.250000,2.389000,3100,no
54,BUY,-1.153603,21:07:23.344702838,no,-,-,-,-,8.954302,0.111678,0.807517,2,1,592,3008,1.250000,2.364800,3100,no
55,BUY,-1.242654,21:07:23.344702838,no,-,-,-,-,8.954302,0.111678,0.807517,2,1,597,3003,1.250000,2.345000,3100,no
56,BUY,-1.444660,21:07:23.344702838,no,-,-,-,-,8.954302,0.111678,0.807517,2,1,604,2996,1.250000,2.317800,3100,no
57,BUY,-0.440832,21:07:23.344702838,no,-,-,-,-,8.954302,0.111678,0.807517,2,1,608,2992,1.250000,2.302600,3100,no
58,BUY,-0.689916,21:07:23.344702838,no,-,-,-,-,8.954302,0.111678,0.807517,2,1,613,2987,1.250000,2.283800,3100,no
59,BUY,-0.983857,21:07:23.344702838,no,-,-,-,-,8.954302,0.111678,0.807517,2,1,619,2981,1.250000,2.261700,3100,no
60,BUY,-0.929878,21:07:23.344702838,no,-,-,-,-,8.954302,0.111678,0.807517,2,1,623,2977,1.250000,2.247100,3100,no
61,BUY,-0.984488,21:07:23.344702838,no,-,-,-,-,8.954302,0.111678,0.807517,2,1,630,2970,1.250000,2.222200,3100,no
62,BUY,-0.285971,21:07:23.344702838,no,-,-,-,-,8.954302,0.111678,0.807517,2,1,636,2964,1.250000,2.201200,3100,no
63,BUY,-0.417202,21:07:23.344702838,no,-,-,-,-,8.954302,0.111678,0.807517,2,1,640,2960,1.250000,2.187500,3100,no
64,BUY,-0.414373,21:07:23.344702838,no,-,-,-,-,8.954302,0.111678,0.807517,2,1,643,2957,1.250000,2.177200,3100,no
65,BUY,-0.224519,21:07:23.344702838,no,-,-,-,-,8.954302,0.111678,0.807517,2,1,647,2953,1.250000,2.163800,3100,no
66,BUY,0.023925,21:07:23.344702838,no,-,-,-,-,8.954302,0.111678,0.807517,2,1,652,2948,1.250000,2.147200,3100,no
67,BUY,-0.619419,21:07:23.344702838,no,-,-,-,-,8.954302,0.111678,0.807517,2,1,657,2943,1.250000,2.130800,3100,no
68,BUY,0.008994,21:07:23.344702838,no,-,-,-,-,8.954302,0.111678,0.807517,2,1,663,2937,1.250000,2.111600,3100,no
69,BUY,-0.750409,21:07:23.344702838,no,-,-,-,-,8.954302,0.111678,0.807517,2,1,669,2931,1.250000,2.092600,3100,no
70,BUY,-0.372037,21:07:23.344702838,no,-,-,-,-,8.954302,0.111678,0.807517,2,1,673,2927,1.250000,2.080200,3100,no
71,BUY,-0.277701,21:07:23.344702838,no,-,-,-,-,8.954302,0.111678,0.807517,2,1,679,2921,1.250000,2.061800,3100,no
72,BUY,-0.815339,21:07:23.344702838,no,-,-,-,-,8.954302,0.111678,0.807517,2,1,682,2918,1.250000,2.052700,3100,no
73,BUY,-0.139986,21:07:23.344702838,no,-,-,-,-,8.954302,0.111678,0.807517,2,1,687,2913,1.250000,2.037800,3100,no
74,BUY,-0.523819,21:07:23.344702838,no,-,-,-,-,8.954302,0.111678,0.807517,2,1,692,2908,1.250000,2.023100,3100,no
75,BUY,-0.677902,21:07:23.344702838,no,-,-,-,-,8.954302,0.111678,0.807517,2,1,700,2900,1.250000,2.000000,3100,no
76,BUY,-0.573184,21:07:23.344702838,no,-,-,-,-,8.954302,0.111678,0.807517,2,1,706,2894,1.250000,1.983000,3100,no
77,BUY,-0.862855,21:07:23.344702838,no,-,-,-,-,8.954302,0.111678,0.807517,2,1,711,2889,1.250000,1.969000,3100,no
78,BUY,0.437876,21:07:23.344702838,no,-,-,-,-,8.954302,0.111678,0.807517,2,1,715,2885,1.250000,1.958000,3100,no
79,BUY,0.492151,21:07:23.344702838,no,-,-,-,-,8.954302,0.111678,0.807517,2,1,720,2880,1.250000,1.944400,3100,no
80,BUY,0.252466,21:07:23.344702838,no,-,-,-,-,8.954302,0.111678,0.807517,2,1,724,2876,1.250000,1.933700,3100,no
81,BUY,-0.002859,21:07:23.344702838,no,-,-,-,-,8.954302,0.111678,0.807517,2,1,729,2871,1.250000,1.920400,3100,no
82,BUY,-0.267635,21:07:23.344702838,no,-,-,-,-,8.954302,0.111678,0.807517,2,1,735,2865,1.250000,1.904700,3100,no
83,BUY,-0.294308,21:07:23.344702838,no,-,-,-,-,8.954302,0.111678,0.807517,2,1,740,2860,1.250000,1.891800,3100,no
84,BUY,0.056700,21:07:23.344702838,no,-,-,-,-,8.954302,0.111678,0.807517,2,1,745,2855,1.250000,1.879100,3100,no
85,BUY,-0.075446,21:07:23.344702838,no,-,-,-,-,8.954302,0.111678,0.807517,2,1,750,2850,1.250000,1.866600,3100,no
86,BUY,-0.529141,21:07:23.344702838,no,-,-,-,-,8.954302,0.111678,0.807517,2,1,755,2845,1.250000,1.854300,3100,no
87,BUY,-0.600603,21:07:23.344702838,no,-,-,-,-,8.954302,0.111678,0.807517,2,1,759,2841,1.250000,1.844500,3100,no
88,BUY,0.135588,21:07:23.344702838,no,-,-,-,-,8.954302,0.111678,0.807517,2,1,765,2835,1.250000,1.830000,3100,no
89,BUY,-0.776175,21:07:23.344702838,no,-,-,-,-,8.954302,0.111678,0.807517,2,1,769,2831,1.250000,1.820500,3100,no
90,BUY,-0.870779,21:07:23.344702838,no,-,-,-,-,8.954302,0.111678,0.807517,2,1,773,2827,1.250000,1.811100,3100,no
91,BUY,-0.647220,21:07:23.344702838,no,-,-,-,-,8.954302,0.111678,0.807517,2,1,779,2821,1.250000,1.797100,3100,no
92,BUY,-0.466030,21:07:23.344702838,no,-,-,-,-,8.954302,0.111678,0.807517,2,1,789,2811,1.250000,1.774300,3100,no
93,BUY,-0.304023,21:07:23.344702838,no,-,-,-,-,8.954302,0.111678,0.807517,2,1,793,2807,1.250000,1.765400,3100,no
94,BUY,-0.518250,21:07:23.344702838,no,-,-,-,-,8.954302,0.111678,0.807517,2,1,799,2801,1.250000,1.752100,3100,no
95,BUY,-0.603999,21:07:23.344702838,no,-,-,-,-,8.954302,0.111678,0.807517,2,1,803,2797,1.250000,1.743400,3100,no
96,BUY,-1.073809,21:07:23.344702838,no,-,-,-,-,8.954302,0.111678,0.807517,2,1,809,2791,1.250000,1.730500,3100,no
97,BUY,-1.130088,21:07:23.344702838,no,-,-,-,-,8.954302,0.111678,0.807517,2,1,814,2786,1.250000,1.719900,3100,no
98,BUY,-0.804662,21:07:23.344702838,no,-,-,-,-,8.954302,0.111678,0.807517,2,1,819,2781,1.250000,1.709400,3100,no
99,BUY,-0.880111,21:07:23.344702838,no,-,-,-,-,8.954302,0.111678,0.807517,2,1,824,2776,1.250000,1.699000,3100,no
100,BUY,-0.718461,21:07:23.344702838,no,-,-,-,-,8.954302,0.111678,0.807517,2,1,827,2773,1.250000,1.692800,3100,no
101,BUY,-0.872124,21:07:23.344702838,no,-,-,-,-,8.954302,0.111678,0.807517,2,1,832,2768,1.250000,1.682600,3100,no
102,BUY,-0.202258,21:07:23.344702838,no,-,-,-,-,8.954302,0.111678,0.807517,2,1,836,2764,1.250000,1.674600,3100,no
103,BUY,-0.592473,21:07:23.344702838,no,-,-,-,-,8.954302,0.111678,0.807517,2,1,841,2759,1.250000,1.664600,3100,no
104,BUY,-0.159013,21:07:23.344702838,no,-,-,-,-,8.954302,0.111678,0.807517,2,1,847,2753,1.250000,1.652800,3100,no
105,BUY,-0.638176,21:07:23.344702838,no,-,-,-,-,8.954302,0.111678,0.807517,2,1,850,2750,1.250000,1.647000,3100,no
106,BUY,-0.387556,21:07:23.344702838,no,-,-,-,-,8.954302,0.111678,0.807517,2,1,857,2743,1.250000,1.633600,3100,no
107,BUY,-0.112928,21:07:23.344702838,no,-,-,-,-,8.954302,0.111678,0.807517,2,1,862,2738,1.250000,1.624100,3100,no
108,BUY,-0.285975,21:07:23.344702838,no,-,-,-,-,8.954302,0.111678,0.807517,2,1,865,2735,1.250000,1.618400,3100,no
109,BUY,-0.032996,21:07:23.344702838,no,-,-,-,-,8.954302,0.111678,0.807517,2,1,870,2730,1.250000,1.609100,3100,no
110,BUY,-0.473975,21:07:23.344702838,no,-,-,-,-,8.954302,0.111678,0.807517,2,1,876,2724,1.250000,1.598100,3100,no
111,BUY,-0.464506,21:07:23.344702838,no,-,-,-,-,8.954302,0.111678,0.807517,2,1,879,2721,1.250000,1.592700,3100,no
112,BUY,-0.755249,21:07:23.344702838,no,-,-,-,-,8.954302,0.111678,0.807517,2,1,884,2716,1.250000,1.583700,3100,no
113,BUY,-0.992750,21:07:23.344702838,no,-,-,-,-,8.954302,0.111678,0.807517,2,1,890,2710,1.250000,1.573000,3100,no
114,BUY,-0.656813,21:07:23.344702838,no,-,-,-,-,8.954302,0.111678,0.807517,2,1,896,2704,1.250000,1.562500,3100,no
115,BUY,-0.501233,21:07:23.344702838,no,-,-,-,-,8.954302,0.111678,0.807517,2,1,901,2699,1.250000,1.553800,3100,no
116,BUY,-0.445810,21:07:23.344702838,no,-,-,-,-,8.954302,0.111678,0.807517,2,1,906,2694,1.250000,1.545200,3100,no
117,BUY,-0.934230,21:07:23.344702838,no,-,-,-,-,8.954302,0.111678,0.807517,2,1,909,2691,1.250000,1.540100,3100,no
118,BUY,-0.358390,21:07:23.344702838,no,-,-,-,-,8.140275,0.122846,0.807517,2,1,1188,2412,1.250000,1.178400,3100,no
119,BUY,-0.370816,21:07:23.344702838,no,-,-,-,-,7.400250,0.135131,0.807517,2,1,1193,2407,1.250000,1.173500,3100,no
120,BUY,-0.785258,21:07:23.344702838,no,-,-,-,-,6.727500,0.148644,0.807517,2,1,1199,2401,1.250000,1.167600,3100,no
121,BUY,-0.581554,21:07:23.344702838,no,-,-,-,-,6.115909,0.163508,0.807517,2,1,1205,2395,1.250000,1.161800,3100,no
122,BUY,-0.681837,21:07:23.344702838,no,-,-,-,-,5.559917,0.179859,0.807517,2,1,1210,2390,1.250000,1.157000,3100,no
123,BUY,-0.596530,21:07:23.344702838,no,-,-,-,-,5.054470,0.197845,0.807517,2,1,1218,2382,1.250000,1.149400,3100,no
124,BUY,-0.929902,21:07:23.344702838,no,-,-,-,-,4.594973,0.217629,0.807517,2,1,1224,2376,1.250000,1.143700,3100,no
125,BUY,-1.127264,21:07:23.344702838,no,-,-,-,-,4.177248,0.239392,0.807517,2,1,1229,2371,1.250000,1.139100,3100,no
126,BUY,-1.074038,21:07:23.344702838,no,-,-,-,-,3.797498,0.263331,0.807517,2,1,1234,2366,1.250000,1.134500,3100,no
127,BUY,-0.452228,21:07:23.344702838,no,-,-,-,-,3.452271,0.289664,0.807517,2,1,1239,2361,1.250000,1.129900,3100,no
128,BUY,-0.672621,21:07:23.344702838,no,-,-,-,-,3.138428,0.318631,0.807517,2,1,1246,2354,1.250000,1.123500,3100,no
129,BUY,-1.035825,21:07:23.344702838,no,-,-,-,-,2.853117,0.350494,0.807517,2,1,1251,2349,1.250000,1.119100,3100,no
130,BUY,-0.703562,21:07:23.344702838,no,-,-,-,-,2.593742,0.385543,0.807517,2,1,1257,2343,1.250000,1.113700,3100,no
131,BUY,-0.835569,21:07:23.344702838,no,-,-,-,-,2.357948,0.424098,0.807517,2,1,1263,2337,1.250000,1.108400,3100,no
132,BUY,-0.860674,21:07:23.344702838,no,-,-,-,-,2.143589,0.466507,0.807517,2,1,1269,2331,1.250000,1.103200,3100,no
133,BUY,-0.280469,21:07:23.344702838,no,-,-,-,-,1.948717,0.513158,0.807517,2,1,1274,2326,1.250000,1.098900,3100,no
134,BUY,-0.522034,21:07:23.344702838,no,-,-,-,-,1.771561,0.564474,0.807517,2,1,1279,2321,1.250000,1.094600,3100,no
135,BUY,-0.421247,21:07:23.344702838,no,-,-,-,-,1.610510,0.620921,0.807517,2,1,1286,2314,1.250000,1.088600,3100,no
136,BUY,-0.660673,21:07:23.344702838,no,-,-,-,-,1.464100,0.683013,0.807517,2,1,1294,2306,1.250000,1.081900,3100,no
137,BUY,-0.569989,21:07:23.344702838,no,-,-,-,-,1.331000,0.751315,0.807517,2,1,1299,2301,1.250000,1.077700,3100,no
138,BUY,-0.871186,21:07:23.344702838,no,-,-,-,-,1.210000,0.826446,0.807517,2,1,1305,2295,1.250000,1.072700,3100,no
139,BUY,-0.835939,21:07:23.344702838,no,-,-,-,-,1.100000,0.909091,0.807517,2,1,1312,2288,1.250000,1.067000,3100,no
140,BUY,-0.887795,21:07:23.344702838,no,-,-,-,-,1.000000,1.000000,0.807517,2,1,1316,2284,1.250000,1.063800,3100,no
141,BUY,-1.375815,21:07:23.344702838,no,-,-,-,-,0.909091,1.100000,0.807517,2,1,1323,2277,1.250000,1.058200,3100,no
142,BUY,-1.396556,21:07:23.344702838,no,-,-,-,-,0.826446,1.210000,0.807517,2,1,1329,2271,1.250000,1.053400,3100,no
143,BUY,-1.412472,21:07:23.344702838,no,-,-,-,-,0.751315,1.331000,0.807517,2,1,1337,2263,1.250000,1.047100,3100,no
144,BUY,-1.197599,21:07:23.344702838,no,-,-,-,-,0.683013,1.464100,0.807517,2,1,1341,2259,1.250000,1.043900,3100,no
145,BUY,-1.243035,21:07:23.344702838,no,-,-,-,-,0.620921,1.610510,0.807517,2,1,1345,2255,1.250000,1.040800,3100,no
146,BUY,-0.952703,21:07:23.344702838,no,-,-,-,-,0.564474,1.771561,0.807517,2,1,1350,2250,1.250000,1.037000,3100,no
147,BUY,-0.789476,21:07:23.344702838,no,-,-,-,-,0.513158,1.948717,0.807517,2,1,1355,2245,1.250000,1.033200,3100,no
148,BUY,-0.918762,21:07:23.344702838,no,-,-,-,-,0.466507,2.143589,0.807517,2,1,1361,2239,1.250000,1.028600,3100,no
149,BUY,-1.111359,21:07:23.344702838,no,-,-,-,-,0.424098,2.357948,0.807517,2,1,1364,2236,1.250000,1.026300,3100,no
150,BUY,-0.773447,21:07:23.344702838,no,-,-,-,-,0.385543,2.593742,0.807517,2,1,1371,2229,1.250000,1.021100,3100,no
151,BUY,-1.017754,21:07:23.344702838,no,-,-,-,-,0.350494,2.853117,0.807517,2,1,1383,2217,1.250000,1.012200,3100,no
152,BUY,-0.969039,21:07:23.344702838,no,-,-,-,-,0.318631,3.138428,0.807517,2,1,1387,2213,1.250000,1.009300,3100,no
153,BUY,-0.902967,21:07:23.344702838,no,-,-,-,-,0.289664,3.452271,0.807517,2,1,1391,2209,1.250000,1.006400,3100,no
154,BUY,-0.479688,21:07:23.344702838,no,-,-,-,-,0.263331,3.797498,0.807517,2,1,1396,2204,1.250000,1.002800,3100,no
155,BUY,-0.593112,21:07:23.344702838,no,-,-,-,-,0.239392,4.177248,0.807517,2,1,1401,2199,1.250000,0.999200,3100,no
156,BUY,0.610578,21:07:23.344702838,yes,17.240000,ask1,400,00:00:00.000037178,0.217629,4.594973,0.807517,2,1,1407,2193,1.250000,0.995000,3100,no
157,BUY,0.584981,21:07:23.344702838,yes,17.240000,ask1,500,00:00:00.000036210,0.197845,5.054470,0.807517,2,1,1410,2190,1.250000,0.992900,3100,no
158,BUY,0.317830,21:07:23.344702838,yes,17.240000,ask1,500,00:00:00.000058883,0.179859,5.559917,0.807517,2,1,1415,2185,1.250000,0.989300,3100,no
159,BUY,0.261173,21:07:23.344702838,yes,17.240000,ask1,600,00:00:00.000036521,0.163508,6.115909,0.807517,2,1,1417,2183,1.250000,0.988000,3100,no
160,BUY,-0.098130,21:07:23.344702838,no,-,-,-,-,0.148644,6.727500,0.807517,2,1,1420,2180,1.250000,0.985900,3100,no
161,BUY,-0.090635,21:07:23.344702838,no,-,-,-,-,0.135131,7.400250,0.807517,2,1,1424,2176,1.250000,0.983100,3100,no
162,BUY,0.664925,21:07:23.344702838,yes,17.200000,ask1,800,00:00:00.000035856,0.122846,8.140275,0.807517,2,1,1428,2172,1.250000,0.980300,3100,no
163,BUY,0.486844,21:07:23.344702838,yes,17.240000,ask1,800,00:00:00.000036876,0.111678,8.954302,0.807517,2,1,1433,2167,1.250000,0.976900,3100,no
164,BUY,0.129743,21:07:23.344702838,yes,17.240000,ask1,900,00:00:00.000035952,0.101526,9.849733,0.807517,2,1,1438,2162,1.250000,0.973500,3100,no
165,BUY,1.162011,21:07:23.344702838,yes,17.190000,ask1,1000,00:00:00.000036384,0.100000,10.000000,0.807517,2,1,1445,2155,1.250000,0.968800,3100,no
166,BUY,0.369186,21:07:23.344702838,yes,17.240000,ask1,1000,00:00:00.000035405,0.100000,10.000000,0.807517,2,1,1450,2150,1.250000,0.965500,3100,no
167,BUY,0.652717,21:07:23.344702838,yes,17.240000,ask1,1000,00:00:00.000034791,0.100000,10.000000,0.807517,2,1,1454,2146,1.250000,0.962800,3100,no
168,BUY,-0.228582,21:07:23.344702838,no,-,-,-,-,0.100000,10.000000,0.807517,2,1,1458,2142,1.250000,0.960200,3100,no
169,BUY,1.508361,21:07:23.344702838,yes,17.240000,ask1,1000,00:00:00.000037657,0.100000,10.000000,0.807517,2,1,1464,2136,1.250000,0.956200,3100,no
170,BUY,0.853579,21:07:23.344702838,yes,17.240000,ask1,1000,00:00:00.000036132,0.100000,10.000000,0.807517,2,1,1467,2133,1.250000,0.954300,3100,no
171,BUY,0.672255,21:07:23.344702838,yes,17.240000,ask1,1000,00:00:00.000036973,0.100000,10.000000,0.807517,2,1,1472,2128,1.250000,0.951000,3100,no
172,BUY,0.451959,21:07:23.344702838,yes,17.240000,ask1,1000,00:00:00.000036319,0.100000,10.000000,0.807517,2,1,1477,2123,1.250000,0.947800,3100,no
173,BUY,0.638547,21:07:23.344702838,yes,17.230000,ask1,1000,00:00:00.000037739,0.100000,10.000000,0.807517,2,1,1482,2118,1.250000,0.944600,3100,no
174,BUY,0.421948,21:07:23.344702838,yes,17.230000,ask1,1000,00:00:00.000036430,0.100000,10.000000,0.807517,2,1,1485,2115,1.250000,0.942700,3100,no
175,BUY,0.146355,21:07:23.344702838,yes,17.230000,ask1,1000,00:00:00.000035551,0.100000,10.000000,0.807517,2,1,1490,2110,1.250000,0.939500,3100,no
176,BUY,0.084773,21:07:23.344702838,yes,17.230000,ask1,1000,00:00:00.000036523,0.100000,10.000000,0.807517,2,1,1498,2102,1.250000,0.934500,3100,no
177,BUY,-0.208435,21:07:23.344702838,no,-,-,-,-,0.100000,10.000000,0.807517,2,1,1504,2096,1.250000,0.930800,3100,no
178,BUY,0.028837,21:07:23.344702838,no,-,-,-,-,0.100000,10.000000,0.807517,2,1,1507,2093,1.250000,0.928900,3100,no
179,BUY,-0.639825,21:07:23.344702838,no,-,-,-,-,0.100000,10.000000,0.807517,2,1,1514,2086,1.250000,0.924700,3100,no
180,BUY,-0.687952,21:07:23.344702838,no,-,-,-,-,0.100000,10.000000,0.807517,2,1,1519,2081,1.250000,0.921600,3100,no
181,BUY,0.044392,21:07:23.344702838,no,-,-,-,-,0.100000,10.000000,0.807517,2,1,1523,2077,1.250000,0.919200,3100,no
182,BUY,-0.292552,21:07:23.344702838,no,-,-,-,-,0.100000,10.000000,0.807517,2,1,1527,2073,1.250000,0.916800,3100,no
183,BUY,-0.359129,21:07:23.344702838,no,-,-,-,-,0.100000,10.000000,0.807517,2,1,1532,2068,1.250000,0.913800,3100,no
184,BUY,-0.525143,21:07:23.344702838,no,-,-,-,-,0.100000,10.000000,0.807517,2,1,1539,2061,1.250000,0.909600,3100,no
185,BUY,-0.907476,21:07:23.344702838,no,-,-,-,-,0.100000,10.000000,0.807517,2,1,1545,2055,1.250000,0.906100,3100,no
186,BUY,-0.320463,21:07:23.344702838,no,-,-,-,-,0.100000,10.000000,0.807517,2,1,1548,2052,1.250000,0.904300,3100,no
187,BUY,-0.211958,21:07:23.344702838,no,-,-,-,-,0.100000,10.000000,0.807517,2,1,1551,2049,1.250000,0.902600,3100,no
188,BUY,-0.304315,21:07:23.344702838,no,-,-,-,-,0.100000,10.000000,0.807517,2,1,1555,2045,1.250000,0.900300,3100,no
189,BUY,-0.469705,21:07:23.344702838,no,-,-,-,-,0.100000,10.000000,0.807517,2,1,1561,2039,1.250000,0.896800,3100,no
190,BUY,-0.797955,21:07:23.344702838,no,-,-,-,-,0.100000,10.000000,0.807517,2,1,1567,2033,1.250000,0.893400,3100,no
191,BUY,-0.908613,21:07:23.344702838,no,-,-,-,-,0.100000,10.000000,0.807517,2,1,1571,2029,1.250000,0.891100,3100,no
192,BUY,-0.904054,21:07:23.344702838,no,-,-,-,-,0.100000,10.000000,0.807517,2,1,1576,2024,1.250000,0.888300,3100,no
193,BUY,-0.739724,21:07:23.344702838,no,-,-,-,-,0.100000,10.000000,0.807517,2,1,1582,2018,1.250000,0.884900,3100,no
194,BUY,-1.034069,21:07:23.344702838,no,-,-,-,-,0.100000,10.000000,0.807517,2,1,1586,2014,1.250000,0.882700,3100,no
195,BUY,0.260907,21:07:23.344702838,yes,17.170000,ask1,1000,00:00:00.000036213,0.100000,10.000000,0.807517,2,1,1591,2009,1.250000,0.879900,3100,no
196,BUY,0.101008,21:07:23.344702838,yes,17.170000,ask1,1000,00:00:00.000039685,0.100000,10.000000,0.807517,2,1,1601,1999,1.250000,0.874400,3100,no
197,BUY,0.017107,21:07:23.344702838,no,-,-,-,-,0.100000,10.000000,0.807517,2,1,1605,1995,1.250000,0.872200,3100,no
198,BUY,0.048788,21:07:23.344702838,no,-,-,-,-,0.100000,10.000000,0.807517,2,1,1609,1991,1.250000,0.870100,3100,no
199,BUY,0.075575,21:07:23.344702838,no,-,-,-,-,0.100000,10.000000,0.807517,2,1,1615,1985,1.250000,0.866800,3100,no
200,BUY,-0.257021,21:07:23.344702838,no,-,-,-,-,0.100000,10.000000,0.807517,2,1,1619,1981,1.250000,0.864700,3100,no
201,BUY,0.094239,21:07:23.344702838,yes,17.190000,ask1,1000,00:00:00.000037034,0.100000,10.000000,0.807517,2,1,1623,1977,1.250000,0.862600,3100,no
202,BUY,0.450456,21:07:23.344702838,yes,17.190000,ask1,1000,00:00:00.000035358,0.100000,10.000000,0.807517,2,1,1629,1971,1.250000,0.859400,3100,no
203,BUY,0.949568,21:07:23.344702838,yes,17.160000,ask1,1000,00:00:00.000036312,0.100000,10.000000,0.807517,2,1,1636,1964,1.250000,0.855700,3100,no
204,BUY,0.534998,21:07:23.344702838,yes,17.160000,ask1,1000,00:00:00.000036817,0.100000,10.000000,0.807517,2,1,1640,1960,1.250000,0.853600,3100,no
205,BUY,0.493030,21:07:23.344702838,yes,17.160000,ask1,1000,00:00:00.000036293,0.100000,10.000000,0.807517,2,1,1644,1956,1.250000,0.851500,3100,no
206,BUY,0.244506,21:07:23.344702838,yes,17.160000,ask1,1000,00:00:00.000037053,0.100000,10.000000,0.807517,2,1,1647,1953,1.250000,0.850000,3100,no
207,BUY,0.520509,21:07:23.344702838,yes,17.160000,ask1,1000,00:00:00.000035956,0.100000,10.000000,0.807517,2,1,1651,1949,1.250000,0.847900,3100,no
208,BUY,0.593451,21:07:23.344702838,yes,17.160000,ask1,1000,00:00:00.000034339,0.100000,10.000000,0.807517,2,1,1656,1944,1.250000,0.845400,3100,no
209,BUY,1.205805,21:07:23.344702838,yes,17.180000,ask1,1000,00:00:00.000037151,0.100000,10.000000,0.807517,2,1,1660,1940,1.250000,0.843300,3100,no
210,BUY,1.192411,21:07:23.344702838,yes,17.190000,ask1,1000,00:00:00.000040786,0.100000,10.000000,0.807517,2,1,1665,1935,1.250000,0.840800,3100,no
211,BUY,0.391458,21:07:23.344702838,yes,17.190000,ask1,1000,00:00:00.000036833,0.100000,10.000000,0.807517,2,1,1668,1932,1.250000,0.839300,3100,no
212,BUY,0.450605,21:07:23.344702838,yes,17.210000,ask1,1000,00:00:00.000045077,0.100000,10.000000,0.807517,2,1,1673,1927,1.250000,0.836800,3100,no
213,BUY,1.066994,21:07:23.344702838,yes,17.200000,ask1,3100,00:00:00.000026992,0.100000,10.000000,0.807517,2,1,4933,-1333,1.250000,0.283800,3100,yes
214,BUY,0.404456,21:07:23.344702838,yes,17.190000,ask1,3100,00:00:00.000024457,0.100000,10.000000,0.807517,2,1,4938,-1338,1.250000,0.283500,3100,yes
215,BUY,0.574074,21:07:23.344702838,yes,17.190000,ask1,3100,00:00:00.000025747,0.100000,10.000000,0.807517,2,1,4945,-1345,1.250000,0.283100,3100,yes
216,BUY,0.380001,21:07:23.344702838,yes,17.190000,ask1,3100,00:00:00.000024724,0.100000,10.000000,0.807517,2,1,4951,-1351,1.250000,0.282700,3100,yes
217,BUY,0.959348,21:07:23.344702838,yes,17.190000,ask1,3100,00:00:00.000022987,0.100000,10.000000,0.807517,2,1,4958,-1358,1.250000,0.282300,3100,yes
218,BUY,0.425085,21:07:23.344702838,yes,17.190000,ask1,3100,00:00:00.000024208,0.100000,10.000000,0.807517,2,1,4963,-1363,1.250000,0.282000,3100,yes
219,BUY,0.545786,21:07:23.344702838,yes,17.190000,ask1,3100,00:00:00.000025016,0.100000,10.000000,0.807517,2,1,4969,-1369,1.250000,0.281700,3100,yes
220,BUY,0.515339,21:07:23.344702838,yes,17.200000,ask1,3100,00:00:00.000024618,0.100000,10.000000,0.807517,2,1,4976,-1376,1.250000,0.281300,3100,yes
221,BUY,1.129736,21:07:23.344702838,yes,17.200000,ask1,3100,00:00:00.000026061,0.100000,10.000000,0.807517,2,1,4982,-1382,1.250000,0.281000,3100,yes
222,BUY,0.662705,21:07:23.344702838,yes,17.200000,ask1,3100,00:00:00.000025657,0.100000,10.000000,0.807517,2,1,4988,-1388,1.250000,0.280600,3100,yes
223,BUY,0.975005,21:07:23.344702838,yes,17.200000,ask1,3100,00:00:00.000025693,0.100000,10.000000,0.807517,2,1,4995,-1395,1.250000,0.280200,3100,yes
224,BUY,0.696363,21:07:23.344702838,yes,17.200000,ask1,3100,00:00:00.000025266,0.100000,10.000000,0.807517,2,1,5002,-1402,1.250000,0.279800,3100,yes
225,BUY,2.199582,21:07:23.344702838,yes,17.200000,ask1,3100,00:00:00.000024600,0.100000,10.000000,0.807517,2,1,5008,-1408,1.250000,0.279500,3100,yes
226,BUY,1.001050,21:07:23.344702838,yes,17.200000,ask1,3100,00:00:00.000025629,0.100000,10.000000,0.807517,2,1,5014,-1414,1.250000,0.279200,3100,yes
227,BUY,0.978967,21:07:23.344702838,yes,17.200000,ask1,3100,00:00:00.000024448,0.100000,10.000000,0.807517,2,1,5018,-1418,1.250000,0.278900,3100,yes
228,BUY,1.171489,21:07:23.344702838,yes,17.200000,ask1,3100,00:00:00.000024193,0.100000,10.000000,0.807517,2,1,5024,-1424,1.250000,0.278600,3100,yes
229,BUY,1.318554,21:07:23.344702838,yes,17.200000,ask1,3100,00:00:00.000024765,0.100000,10.000000,0.807517,2,1,5029,-1429,1.250000,0.278300,3100,yes
230,BUY,0.924249,21:07:23.344702838,yes,17.200000,ask1,3100,00:00:00.000024195,0.100000,10.000000,0.807517,2,1,5034,-1434,1.250000,0.278100,3100,yes
231,BUY,0.977231,21:07:23.344702838,yes,17.200000,ask1,3100,00:00:00.000025497,0.100000,10.000000,0.807517,2,1,5038,-1438,1.250000,0.277800,3100,yes
232,BUY,0.923427,21:07:23.344702838,yes,17.200000,ask1,3100,00:00:00.000024939,0.100000,10.000000,0.807517,2,1,5044,-1444,1.250000,0.277500,3100,yes
233,BUY,0.825078,21:07:23.344702838,yes,17.200000,ask1,3100,00:00:00.000025299,0.100000,10.000000,0.807517,2,1,5052,-1452,1.250000,0.277100,3100,yes
234,BUY,0.851461,21:07:23.344702838,yes,17.200000,ask1,3100,00:00:00.000027108,0.100000,10.000000,0.807517,2,1,5056,-1456,1.250000,0.276800,3100,yes
235,BUY,0.621485,21:07:23.344702838,yes,17.200000,ask1,3100,00:00:00.000034216,0.100000,10.000000,0.807517,2,1,5062,-1462,1.250000,0.276500,3100,yes
236,BUY,0.482196,21:07:23.344702838,yes,17.200000,ask1,3100,00:00:00.000033131,0.100000,10.000000,0.807517,2,1,5067,-1467,1.250000,0.276200,3100,yes
237,BUY,0.443296,21:07:23.344702838,yes,17.200000,ask1,3100,00:00:00.000023903,0.100000,10.000000,0.807517,2,1,5071,-1471,1.250000,0.276000,3100,yes
238,BUY,0.450566,21:07:23.344702838,yes,17.200000,ask1,3100,00:00:00.000028204,0.100000,10.000000,0.807517,2,1,5074,-1474,1.250000,0.551800,1700,yes
