轮数,方向,预测值,算法开始时间,是否下单,下单价格,档位,下单量,下单耗时(从预测到下单),r1,r2,std,freq,qty_scalar,经过时间,剩余时间,目标速度,实际速度,剩余量,是否为最后一轮
1,BUY,-0.972804,21:07:23.345087954,no,-,-,-,-,0.909091,1.100000,0.618538,2,1,334,3266,5.000000,0.000000,18000,no
2,BUY,0.115975,21:07:23.345087954,no,-,-,-,-,0.826446,1.210000,0.618538,2,1,339,3261,5.000000,0.000000,18000,no
3,BUY,0.423116,21:07:23.345087954,no,-,-,-,-,0.751315,1.331000,0.618538,2,1,343,3257,5.000000,0.000000,18000,no
4,BUY,0.019014,21:07:23.345087954,no,-,-,-,-,0.683013,1.464100,0.618538,2,1,348,3252,5.000000,0.000000,18000,no
5,BUY,-0.191463,21:07:23.345087954,no,-,-,-,-,0.620921,1.610510,0.618538,2,1,353,3247,5.000000,0.000000,18000,no
6,BUY,-0.573552,21:07:23.345087954,no,-,-,-,-,0.564474,1.771561,0.618538,2,1,359,3241,5.000000,0.000000,18000,no
7,BUY,-0.130545,21:07:23.345087954,no,-,-,-,-,0.513158,1.948717,0.618538,2,1,362,3238,5.000000,0.000000,18000,no
8,BUY,-0.286660,21:07:23.345087954,no,-,-,-,-,0.466507,2.143589,0.618538,2,1,368,3232,5.000000,0.000000,18000,no
9,BUY,-0.037791,21:07:23.345087954,no,-,-,-,-,0.424098,2.357948,0.618538,2,1,372,3228,5.000000,0.000000,18000,no
10,BUY,-0.254687,21:07:23.345087954,no,-,-,-,-,0.385543,2.593742,0.618538,2,1,376,3224,5.000000,0.000000,18000,no
11,BUY,-0.504521,21:07:23.345087954,no,-,-,-,-,0.350494,2.853117,0.618538,2,1,382,3218,5.000000,0.000000,18000,no
12,BUY,-0.767763,21:07:23.345087954,no,-,-,-,-,0.318631,3.138428,0.618538,2,1,386,3214,5.000000,0.000000,18000,no
13,BUY,-0.447310,21:07:23.345087954,no,-,-,-,-,0.289664,3.452271,0.618538,2,1,393,3207,5.000000,0.000000,18000,no
14,BUY,-0.002665,21:07:23.345087954,no,-,-,-,-,0.263331,3.797498,0.618538,2,1,398,3202,5.000000,0.000000,18000,no
15,BUY,0.115140,21:07:23.345087954,no,-,-,-,-,0.239392,4.177248,0.618538,2,1,403,3197,5.000000,0.000000,18000,no
16,BUY,0.280867,21:07:23.345087954,yes,10.980000,ask1,400,00:00:00.000047547,0.217629,4.594973,0.618538,2,1,408,3192,5.000000,0.980300,17600,no
17,BUY,-0.141681,21:07:23.345087954,no,-,-,-,-,0.197845,5.054470,0.618538,2,1,411,3189,5.000000,0.973200,17600,no
18,BUY,0.159670,21:07:23.345087954,yes,10.990000,ask1,500,00:00:00.000038018,0.179859,5.559917,0.618538,2,1,414,3186,5.000000,2.173900,17100,no
19,BUY,0.589558,21:07:23.345087954,yes,10.980000,ask1,600,00:00:00.000036812,0.163508,6.115909,0.618538,2,1,419,3181,5.000000,3.579900,16500,no
20,BUY,-0.135463,21:07:23.345087954,no,-,-,-,-,0.148644,6.727500,0.618538,2,1,425,3175,5.000000,3.529400,16500,no
21,BUY,0.145216,21:07:23.345087954,yes,10.990000,ask1,700,00:00:00.000048523,0.135131,7.400250,0.618538,2,1,429,3171,5.000000,3.496500,16500,no
22,BUY,0.614221,21:07:23.345087954,yes,10.990000,ask1,700,00:00:00.000036599,0.135131,7.400250,0.618538,2,1,434,3166,5.000000,5.069100,15800,no
23,BUY,-0.007179,21:07:23.345087954,no,-,-,-,-,0.135131,7.400250,0.618538,2,1,439,3161,5.000000,6.605900,15100,no
24,BUY,-0.360980,21:07:23.345087954,no,-,-,-,-,0.135131,7.400250,0.618538,2,1,443,3157,5.000000,6.546200,15100,no
25,BUY,0.022166,21:07:23.345087954,no,-,-,-,-,0.135131,7.400250,0.618538,2,1,448,3152,5.000000,6.473200,15100,no
26,BUY,0.169829,21:07:23.345087954,yes,10.980000,ask1,700,00:00:00.000036353,0.135131,7.400250,0.618538,2,1,452,3148,5.000000,6.415900,15100,no
27,BUY,0.260040,21:07:23.345087954,yes,10.980000,ask1,700,00:00:00.000037334,0.135131,7.400250,0.618538,2,1,459,3141,5.000000,9.368100,13700,no
28,BUY,-0.571811,21:07:23.345087954,no,-,-,-,-,0.135131,7.400250,0.618538,2,1,463,3137,5.000000,9.287200,13700,no
29,BUY,-0.509746,21:07:23.345087954,no,-,-,-,-,0.135131,7.400250,0.618538,2,1,466,3134,5.000000,9.227400,13700,no
30,BUY,0.392586,21:07:23.345087954,yes,10.980000,ask1,700,00:00:00.000035428,0.135131,7.400250,0.618538,2,1,471,3129,5.000000,10.615700,13000,no
31,BUY,-0.343020,21:07:23.345087954,no,-,-,-,-,0.148644,6.727500,0.618538,2,1,477,3123,5.000000,10.482100,13000,no
32,BUY,-0.230942,21:07:23.345087954,no,-,-,-,-,0.163508,6.115909,0.618538,2,1,480,3120,5.000000,10.416600,13000,no
33,BUY,0.147188,21:07:23.345087954,yes,10.980000,ask1,500,00:00:00.000036478,0.179859,5.559917,0.618538,2,1,485,3115,5.000000,10.309200,13000,no
34,BUY,-0.252916,21:07:23.345087954,no,-,-,-,-,0.197845,5.054470,0.618538,2,1,489,3111,5.000000,11.247400,12500,no
35,BUY,-0.637541,21:07:23.345087954,no,-,-,-,-,0.217629,4.594973,0.618538,2,1,495,3105,5.000000,11.111100,12500,no
36,BUY,-0.399559,21:07:23.345087954,no,-,-,-,-,0.239392,4.177248,0.618538,2,1,501,3099,5.000000,10.978000,12500,no
37,BUY,-0.084895,21:07:23.345087954,no,-,-,-,-,0.263331,3.797498,0.618538,2,1,505,3095,5.000000,10.891000,12500,no
38,BUY,1.048922,21:07:23.345087954,yes,10.960000,ask1,300,00:00:00.000056920,0.289664,3.452271,0.618538,2,1,509,3091,5.000000,10.805500,12500,no
39,BUY,0.352264,21:07:23.345087954,yes,10.980000,ask1,300,00:00:00.000039582,0.318631,3.138428,0.618538,2,1,514,3086,5.000000,11.284000,12200,no
40,BUY,0.359509,21:07:23.345087954,yes,10.980000,ask1,200,00:00:00.000052628,0.350494,2.853117,0.618538,2,1,520,3080,5.000000,11.730700,11900,no
41,BUY,0.217969,21:07:23.345087954,no,-,-,-,-,0.385543,2.593742,0.618538,2,1,524,3076,5.000000,12.022900,11700,no
42,BUY,-0.085677,21:07:23.345087954,no,-,-,-,-,0.424098,2.357948,0.618538,2,1,529,3071,5.000000,11.909200,11700,no
43,BUY,0.138561,21:07:23.345087954,no,-,-,-,-,0.466507,2.143589,0.618538,2,1,533,3067,5.000000,11.819800,11700,no
44,BUY,-0.300652,21:07:23.345087954,no,-,-,-,-,0.513158,1.948717,0.618538,2,1,539,3061,5.000000,11.688300,11700,no
45,BUY,0.306000,21:07:23.345087954,no,-,-,-,-,0.564474,1.771561,0.618538,2,1,544,3056,5.000000,11.580800,11700,no
46,BUY,0.233223,21:07:23.345087954,no,-,-,-,-,0.620921,1.610510,0.618538,2,1,548,3052,5.000000,11.496300,11700,no
47,BUY,0.255655,21:07:23.345087954,no,-,-,-,-,0.683013,1.464100,0.618538,2,1,555,3045,5.000000,11.351300,11700,no
48,BUY,0.223251,21:07:23.345087954,no,-,-,-,-,0.751315,1.331000,0.618538,2,1,558,3042,5.000000,11.290300,11700,no
49,BUY,0.142931,21:07:23.345087954,no,-,-,-,-,0.826446,1.210000,0.618538,2,1,564,3036,5.000000,11.170200,11700,no
50,BUY,0.321664,21:07:23.345087954,no,-,-,-,-,0.909091,1.100000,0.618538,2,1,569,3031,5.000000,11.072000,11700,no
51,BUY,0.111935,21:07:23.345087954,no,-,-,-,-,1.000000,1.000000,0.618538,2,1,574,3026,5.000000,10.975600,11700,no
52,BUY,0.431153,21:07:23.345087954,no,-,-,-,-,1.100000,0.909091,0.618538,2,1,578,3022,5.000000,10.899600,11700,no
53,BUY,0.697419,21:07:23.345087954,no,-,-,-,-,1.210000,0.826446,0.618538,2,1,584,3016,5.000000,10.787600,11700,no
54,BUY,0.509708,21:07:23.345087954,no,-,-,-,-,1.331000,0.751315,0.618538,2,1,588,3012,5.000000,10.714200,11700,no
55,BUY,0.511869,21:07:23.345087954,no,-,-,-,-,1.464100,0.683013,0.618538,2,1,593,3007,5.000000,10.623900,11700,no
56,BUY,0.512116,21:07:23.345087954,no,-,-,-,-,1.610510,0.620921,0.618538,2,1,599,3001,5.000000,10.517500,11700,no
57,BUY,0.858601,21:07:23.345087954,no,-,-,-,-,1.771561,0.564474,0.618538,2,1,605,2995,5.000000,10.413200,11700,no
58,BUY,1.084867,21:07:23.345087954,no,-,-,-,-,1.948717,0.513158,0.618538,2,1,609,2991,5.000000,10.344800,11700,no
59,BUY,2.384685,21:07:23.345087954,no,-,-,-,-,2.143589,0.466507,0.618538,2,1,616,2984,5.000000,10.227200,11700,no
60,BUY,2.803738,21:07:23.345087954,no,-,-,-,-,2.357948,0.424098,0.618538,2,1,620,2980,5.000000,10.161200,11700,no
61,BUY,2.375260,21:07:23.345087954,no,-,-,-,-,2.593742,0.385543,0.618538,2,1,626,2974,5.000000,10.063800,11700,no
62,BUY,2.043677,21:07:23.345087954,no,-,-,-,-,2.593742,0.385543,0.618538,2,1,632,2968,5.000000,9.968300,11700,no
63,BUY,1.917106,21:07:23.345087954,no,-,-,-,-,2.593742,0.385543,0.618538,2,1,637,2963,5.000000,9.890100,11700,no
64,BUY,1.961496,21:07:23.345087954,no,-,-,-,-,2.593742,0.385543,0.618538,2,1,641,2959,5.000000,9.828300,11700,no
65,BUY,1.434554,21:07:23.345087954,no,-,-,-,-,2.593742,0.385543,0.618538,2,1,644,2956,5.000000,9.782600,11700,no
66,BUY,1.118149,21:07:23.345087954,no,-,-,-,-,2.593742,0.385543,0.618538,2,1,649,2951,5.000000,9.707200,11700,no
67,BUY,0.709853,21:07:23.345087954,no,-,-,-,-,2.593742,0.385543,0.618538,2,1,655,2945,5.000000,9.618300,11700,no
68,BUY,0.545185,21:07:23.345087954,no,-,-,-,-,2.593742,0.385543,0.618538,2,1,659,2941,5.000000,9.559900,11700,no
69,BUY,0.654433,21:07:23.345087954,no,-,-,-,-,2.593742,0.385543,0.618538,2,1,666,2934,5.000000,9.459400,11700,no
70,BUY,1.070475,21:07:23.345087954,no,-,-,-,-,2.593742,0.385543,0.618538,2,1,671,2929,5.000000,9.388900,11700,no
71,BUY,0.623634,21:07:23.345087954,no,-,-,-,-,2.593742,0.385543,0.618538,2,1,674,2926,5.000000,9.347100,11700,no
72,BUY,1.371131,21:07:23.345087954,no,-,-,-,-,2.593742,0.385543,0.618538,2,1,680,2920,5.000000,9.264700,11700,no
73,BUY,1.365101,21:07:23.345087954,no,-,-,-,-,2.593742,0.385543,0.618538,2,1,684,2916,5.000000,9.210500,11700,no
74,BUY,1.526177,21:07:23.345087954,no,-,-,-,-,2.593742,0.385543,0.618538,2,1,688,2912,5.000000,9.156900,11700,no
75,BUY,0.692498,21:07:23.345087954,no,-,-,-,-,2.593742,0.385543,0.618538,2,1,694,2906,5.000000,9.077800,11700,no
76,BUY,0.938846,21:07:23.345087954,no,-,-,-,-,2.593742,0.385543,0.618538,2,1,702,2898,5.000000,8.974300,11700,no
77,BUY,0.690616,21:07:23.345087954,no,-,-,-,-,2.593742,0.385543,0.618538,2,1,707,2893,5.000000,8.910800,11700,no
78,BUY,0.965257,21:07:23.345087954,no,-,-,-,-,2.593742,0.385543,0.618538,2,1,713,2887,5.000000,8.835900,11700,no
79,BUY,0.029705,21:07:23.345087954,no,-,-,-,-,2.593742,0.385543,0.618538,2,1,717,2883,5.000000,8.786600,11700,no
80,BUY,0.208506,21:07:23.345087954,no,-,-,-,-,2.593742,0.385543,0.618538,2,1,722,2878,5.000000,8.725700,11700,no
81,BUY,0.380295,21:07:23.345087954,no,-,-,-,-,2.593742,0.385543,0.618538,2,1,727,2873,5.000000,8.665700,11700,no
82,BUY,0.811003,21:07:23.345087954,no,-,-,-,-,2.593742,0.385543,0.618538,2,1,732,2868,5.000000,8.606500,11700,no
83,BUY,0.739422,21:07:23.345087954,no,-,-,-,-,2.593742,0.385543,0.618538,2,1,738,2862,5.000000,8.536500,11700,no
84,BUY,0.629793,21:07:23.345087954,no,-,-,-,-,2.593742,0.385543,0.618538,2,1,741,2859,5.000000,8.502000,11700,no
85,BUY,-0.112236,21:07:23.345087954,no,-,-,-,-,2.593742,0.385543,0.618538,2,1,746,2854,5.000000,8.445000,11700,no
86,BUY,0.335979,21:07:23.345087954,no,-,-,-,-,2.593742,0.385543,0.618538,2,1,751,2849,5.000000,8.388800,11700,no
87,BUY,0.435447,21:07:23.345087954,no,-,-,-,-,2.593742,0.385543,0.618538,2,1,756,2844,5.000000,8.333300,11700,no
88,BUY,0.436971,21:07:23.345087954,no,-,-,-,-,2.593742,0.385543,0.618538,2,1,760,2840,5.000000,8.289400,11700,no
89,BUY,0.530184,21:07:23.345087954,no,-,-,-,-,2.593742,0.385543,0.618538,2,1,766,2834,5.000000,8.224500,11700,no
90,BUY,0.620417,21:07:23.345087954,no,-,-,-,-,2.593742,0.385543,0.618538,2,1,771,2829,5.000000,8.171200,11700,no
91,BUY,0.966578,21:07:23.345087954,no,-,-,-,-,2.593742,0.385543,0.618538,2,1,776,2824,5.000000,8.118500,11700,no
92,BUY,0.242152,21:07:23.345087954,no,-,-,-,-,2.593742,0.385543,0.618538,2,1,783,2817,5.000000,8.045900,11700,no
93,BUY,-0.438935,21:07:23.345087954,no,-,-,-,-,2.593742,0.385543,0.618538,2,1,786,2814,5.000000,8.015200,11700,no
94,BUY,-0.047621,21:07:23.345087954,no,-,-,-,-,2.593742,0.385543,0.618538,2,1,791,2809,5.000000,7.964600,11700,no
95,BUY,0.540643,21:07:23.345087954,no,-,-,-,-,2.593742,0.385543,0.618538,2,1,796,2804,5.000000,7.914500,11700,no
96,BUY,0.906453,21:07:23.345087954,no,-,-,-,-,2.593742,0.385543,0.618538,2,1,800,2800,5.000000,7.875000,11700,no
97,BUY,0.844422,21:07:23.345087954,no,-,-,-,-,2.593742,0.385543,0.618538,2,1,805,2795,5.000000,7.826000,11700,no
98,BUY,-0.039357,21:07:23.345087954,no,-,-,-,-,2.593742,0.385543,0.618538,2,1,810,2790,5.000000,7.777700,11700,no
99,BUY,0.161159,21:07:23.345087954,no,-,-,-,-,2.593742,0.385543,0.618538,2,1,816,2784,5.000000,7.720500,11700,no
100,BUY,0.709727,21:07:23.345087954,no,-,-,-,-,2.593742,0.385543,0.618538,2,1,820,2780,5.000000,7.682900,11700,no
101,BUY,0.201915,21:07:23.345087954,no,-,-,-,-,2.593742,0.385543,0.618538,2,1,824,2776,5.000000,7.645600,11700,no
102,BUY,-0.117659,21:07:23.345087954,no,-,-,-,-,2.593742,0.385543,0.618538,2,1,829,2771,5.000000,7.599500,11700,no
103,BUY,1.653087,21:07:23.345087954,no,-,-,-,-,2.593742,0.385543,0.618538,2,1,835,2765,5.000000,7.544900,11700,no
104,BUY,0.883301,21:07:23.345087954,no,-,-,-,-,2.593742,0.385543,0.618538,2,1,837,2763,5.000000,7.526800,11700,no
105,BUY,0.323960,21:07:23.345087954,no,-,-,-,-,2.593742,0.385543,0.618538,2,1,843,2757,5.000000,7.473300,11700,no
106,BUY,0.503672,21:07:23.345087954,no,-,-,-,-,2.593742,0.385543,0.618538,2,1,848,2752,5.000000,7.429200,11700,no
107,BUY,0.460119,21:07:23.345087954,no,-,-,-,-,2.593742,0.385543,0.618538,2,1,853,2747,5.000000,7.385600,11700,no
108,BUY,-0.180365,21:07:23.345087954,no,-,-,-,-,2.593742,0.385543,0.618538,2,1,859,2741,5.000000,7.334100,11700,no
109,BUY,0.226939,21:07:23.345087954,no,-,-,-,-,2.593742,0.385543,0.618538,2,1,863,2737,5.000000,7.300100,11700,no
110,BUY,0.535009,21:07:23.345087954,no,-,-,-,-,2.593742,0.385543,0.618538,2,1,868,2732,5.000000,7.258000,11700,no
111,BUY,0.924775,21:07:23.345087954,no,-,-,-,-,2.593742,0.385543,0.618538,2,1,872,2728,5.000000,7.224700,11700,no
112,BUY,1.219843,21:07:23.345087954,no,-,-,-,-,2.593742,0.385543,0.618538,2,1,877,2723,5.000000,7.183500,11700,no
113,BUY,0.725353,21:07:23.345087954,no,-,-,-,-,2.593742,0.385543,0.618538,2,1,882,2718,5.000000,7.142800,11700,no
114,BUY,0.672826,21:07:23.345087954,no,-,-,-,-,2.593742,0.385543,0.618538,2,1,887,2713,5.000000,7.102500,11700,no
115,BUY,1.835351,21:07:23.345087954,no,-,-,-,-,2.593742,0.385543,0.618538,2,1,893,2707,5.000000,7.054800,11700,no
116,BUY,1.714198,21:07:23.345087954,no,-,-,-,-,2.593742,0.385543,0.618538,2,1,897,2703,5.000000,7.023400,11700,no
117,BUY,1.428976,21:07:23.345087954,no,-,-,-,-,2.593742,0.385543,0.618538,2,1,903,2697,5.000000,6.976700,11700,no
118,BUY,0.970552,21:07:23.345087954,no,-,-,-,-,2.593742,0.385543,0.618538,2,1,907,2693,5.000000,6.945900,11700,no
119,BUY,-0.885097,21:07:23.345087954,no,-,-,-,-,2.593742,0.385543,0.618538,2,1,1190,2410,5.000000,5.294100,11700,no
120,BUY,-0.099253,21:07:23.345087954,no,-,-,-,-,2.593742,0.385543,0.618538,2,1,1195,2405,5.000000,5.271900,11700,no
121,BUY,-0.281408,21:07:23.345087954,no,-,-,-,-,2.593742,0.385543,0.618538,2,1,1201,2399,5.000000,5.245600,11700,no
122,BUY,0.599782,21:07:23.345087954,no,-,-,-,-,2.593742,0.385543,0.618538,2,1,1207,2393,5.000000,5.219500,11700,no
123,BUY,1.042726,21:07:23.345087954,no,-,-,-,-,2.593742,0.385543,0.618538,2,1,1213,2387,5.000000,5.193700,11700,no
124,BUY,0.556952,21:07:23.345087954,no,-,-,-,-,2.593742,0.385543,0.618538,2,1,1219,2381,5.000000,5.168100,11700,no
125,BUY,0.754908,21:07:23.345087954,no,-,-,-,-,2.593742,0.385543,0.618538,2,1,1226,2374,5.000000,5.138600,11700,no
126,BUY,0.805626,21:07:23.345087954,no,-,-,-,-,2.593742,0.385543,0.618538,2,1,1231,2369,5.000000,5.117700,11700,no
127,BUY,0.943310,21:07:23.345087954,no,-,-,-,-,2.593742,0.385543,0.618538,2,1,1236,2364,5.000000,5.097000,11700,no
128,BUY,0.572917,21:07:23.345087954,no,-,-,-,-,2.593742,0.385543,0.618538,2,1,1242,2358,5.000000,5.072400,11700,no
129,BUY,0.977366,21:07:23.345087954,no,-,-,-,-,2.593742,0.385543,0.618538,2,1,1249,2351,5.000000,5.044000,11700,no
130,BUY,0.084000,21:07:23.345087954,no,-,-,-,-,2.593742,0.385543,0.618538,2,1,1254,2346,5.000000,5.023900,11700,no
131,BUY,-0.491680,21:07:23.345087954,no,-,-,-,-,2.593742,0.385543,0.618538,2,1,1258,2342,5.000000,5.007900,11700,no
132,BUY,1.680848,21:07:23.345087954,no,-,-,-,-,2.357948,0.424098,0.618538,2,1,1266,2334,5.000000,4.976300,11700,no
133,BUY,0.220883,21:07:23.345087954,no,-,-,-,-,2.143589,0.466507,0.618538,2,1,1270,2330,5.000000,4.960600,11700,no
134,BUY,0.318578,21:07:23.345087954,no,-,-,-,-,1.948717,0.513158,0.618538,2,1,1276,2324,5.000000,4.937300,11700,no
135,BUY,0.948199,21:07:23.345087954,no,-,-,-,-,1.771561,0.564474,0.618538,2,1,1281,2319,5.000000,4.918000,11700,no
136,BUY,0.829271,21:07:23.345087954,no,-,-,-,-,1.610510,0.620921,0.618538,2,1,1290,2310,5.000000,4.883700,11700,no
137,BUY,1.686866,21:07:23.345087954,no,-,-,-,-,1.464100,0.683013,0.618538,2,1,1298,2302,5.000000,4.853600,11700,no
138,BUY,1.524209,21:07:23.345087954,no,-,-,-,-,1.331000,0.751315,0.618538,2,1,1301,2299,5.000000,4.842400,11700,no
139,BUY,1.344885,21:07:23.345087954,no,-,-,-,-,1.210000,0.826446,0.618538,2,1,1307,2293,5.000000,4.820100,11700,no
140,BUY,1.565774,21:07:23.345087954,no,-,-,-,-,1.100000,0.909091,0.618538,2,1,1314,2286,5.000000,4.794500,11700,no
141,BUY,1.758163,21:07:23.345087954,no,-,-,-,-,1.000000,1.000000,0.618538,2,1,1319,2281,5.000000,4.776300,11700,no
142,BUY,1.649344,21:07:23.345087954,yes,11.050000,ask1,100,00:00:00.000038743,0.909091,1.100000,0.618538,2,1,1326,2274,5.000000,4.751100,11700,no
143,BUY,1.731854,21:07:23.345087954,yes,11.050000,ask1,100,00:00:00.000037447,0.826446,1.210000,0.618538,2,1,1332,2268,5.000000,4.729700,11700,no
144,BUY,1.398932,21:07:23.345087954,yes,11.050000,ask1,100,00:00:00.000041445,0.751315,1.331000,0.618538,2,1,1338,2262,5.000000,4.708500,11700,no
145,BUY,1.347050,21:07:23.345087954,yes,11.050000,ask1,100,00:00:00.000037624,0.683013,1.464100,0.618538,2,1,1343,2257,5.000000,4.690900,11700,no
146,BUY,1.773331,21:07:23.345087954,yes,11.050000,ask1,100,00:00:00.000035546,0.620921,1.610510,0.618538,2,1,1347,2253,5.000000,4.677000,11700,no
147,BUY,0.969378,21:07:23.345087954,yes,11.070000,ask1,100,00:00:00.000037988,0.564474,1.771561,0.618538,2,1,1352,2248,5.000000,4.659700,11700,no
148,BUY,1.705256,21:07:23.345087954,yes,11.060000,ask1,100,00:00:00.000036534,0.513158,1.948717,0.618538,2,1,1356,2244,5.000000,4.646000,11700,no
149,BUY,1.452435,21:07:23.345087954,yes,11.060000,ask1,200,00:00:00.000045606,0.466507,2.143589,0.618538,2,1,1362,2238,5.000000,4.625500,11700,no
150,BUY,1.382455,21:07:23.345087954,yes,11.070000,ask1,200,00:00:00.000037516,0.424098,2.357948,0.618538,2,1,1367,2233,5.000000,4.608600,11700,no
151,BUY,1.614913,21:07:23.345087954,yes,11.070000,ask1,200,00:00:00.000036645,0.385543,2.593742,0.618538,2,1,1373,2227,5.000000,4.588400,11700,no
152,BUY,1.446671,21:07:23.345087954,yes,11.070000,ask1,200,00:00:00.000038307,0.350494,2.853117,0.618538,2,1,1380,2220,5.000000,4.565200,11700,no
153,BUY,2.141446,21:07:23.345087954,yes,11.070000,ask1,300,00:00:00.000035865,0.318631,3.138428,0.618538,2,1,1384,2216,5.000000,4.552000,11700,no
154,BUY,1.154957,21:07:23.345087954,yes,11.070000,ask1,300,00:00:00.000038829,0.289664,3.452271,0.618538,2,1,1388,2212,5.000000,4.538900,11700,no
155,BUY,2.095694,21:07:23.345087954,yes,11.070000,ask1,300,00:00:00.000037990,0.263331,3.797498,0.618538,2,1,1393,2207,5.000000,4.522600,11700,no
156,BUY,1.781802,21:07:23.345087954,yes,11.060000,ask1,400,00:00:00.000034873,0.239392,4.177248,0.618538,2,1,1397,2203,5.000000,4.509600,11700,no
157,BUY,1.345166,21:07:23.345087954,yes,11.070000,ask1,400,00:00:00.000035237,0.217629,4.594973,0.618538,2,1,1403,2197,5.000000,4.490300,11700,no
158,BUY,1.533968,21:07:23.345087954,yes,11.080000,ask1,500,00:00:00.000035574,0.197845,5.054470,0.618538,2,1,1408,2192,5.000000,4.474400,11700,no
159,BUY,0.396538,21:07:23.345087954,yes,11.080000,ask1,500,00:00:00.000036201,0.179859,5.559917,0.618538,2,1,1413,2187,5.000000,4.458500,11700,no
160,BUY,0.690879,21:07:23.345087954,yes,11.080000,ask1,600,00:00:00.000034854,0.163508,6.115909,0.618538,2,1,1416,2184,5.000000,4.449100,11700,no
161,BUY,0.466076,21:07:23.345087954,yes,11.080000,ask1,600,00:00:00.000072287,0.148644,6.727500,0.618538,2,1,1418,2182,5.000000,4.442800,11700,no
162,BUY,1.428772,21:07:23.345087954,yes,11.080000,ask1,700,00:00:00.000036102,0.135131,7.400250,0.618538,2,1,1421,2179,5.000000,4.433400,11700,no
163,BUY,0.892912,21:07:23.345087954,yes,11.080000,ask1,800,00:00:00.000036652,0.122846,8.140275,0.618538,2,1,1426,2174,5.000000,4.417900,11700,no
164,BUY,1.365142,21:07:23.345087954,yes,11.090000,ask1,800,00:00:00.000035609,0.111678,8.954302,0.618538,2,1,1430,2170,5.000000,4.405500,11700,no
165,BUY,1.253692,21:07:23.345087954,yes,11.090000,ask1,900,00:00:00.000037923,0.101526,9.849733,0.618538,2,1,1436,2164,5.000000,4.387100,11700,no
166,BUY,1.642395,21:07:23.345087954,yes,11.090000,ask1,1000,00:00:00.000038701,0.100000,10.000000,0.618538,2,1,1440,2160,5.000000,4.375000,11700,no
167,BUY,2.455768,21:07:23.345087954,yes,11.090000,ask1,1000,00:00:00.000041391,0.100000,10.000000,0.618538,2,1,1446,2154,5.000000,4.356800,11700,no
168,BUY,2.279954,21:07:23.345087954,yes,11.090000,ask1,1000,00:00:00.000035642,0.100000,10.000000,0.618538,2,1,1451,2149,5.000000,4.341800,11700,no
169,BUY,1.560006,21:07:23.345087954,yes,11.090000,ask1,1000,00:00:00.000035473,0.100000,10.000000,0.618538,2,1,1454,2146,5.000000,4.332800,11700,no
170,BUY,1.449229,21:07:23.345087954,yes,11.090000,ask1,1000,00:00:00.000038135,0.100000,10.000000,0.618538,2,1,1460,2140,5.000000,4.315000,11700,no
171,BUY,0.715831,21:07:23.345087954,yes,11.090000,ask1,1000,00:00:00.000036139,0.100000,10.000000,0.618538,2,1,1465,2135,5.000000,4.300300,11700,no
172,BUY,0.574476,21:07:23.345087954,yes,11.100000,ask1,1000,00:00:00.000036930,0.100000,10.000000,0.618538,2,1,1470,2130,5.000000,4.285700,11700,no
173,BUY,1.331613,21:07:23.345087954,yes,11.100000,ask1,1000,00:00:00.000036021,0.100000,10.000000,0.618538,2,1,1475,2125,5.000000,4.271100,11700,no
174,BUY,2.072878,21:07:23.345087954,yes,11.100000,ask1,1000,00:00:00.000039078,0.100000,10.000000,0.618538,2,1,1479,2121,5.000000,4.259600,11700,no
175,BUY,2.184645,21:07:23.345087954,yes,11.100000,ask1,1000,00:00:00.000036625,0.100000,10.000000,0.618538,2,1,1483,2117,5.000000,4.248100,11700,no
176,BUY,1.798997,21:07:23.345087954,yes,11.100000,ask1,1000,00:00:00.000040510,0.100000,10.000000,0.618538,2,1,1488,2112,5.000000,4.233800,11700,no
177,BUY,1.928337,21:07:23.345087954,yes,11.100000,ask1,1000,00:00:00.000035640,0.100000,10.000000,0.618538,2,1,1493,2107,5.000000,4.219600,11700,no
178,BUY,0.847500,21:07:23.345087954,yes,11.100000,ask1,1000,00:00:00.000035559,0.100000,10.000000,0.618538,2,1,1500,2100,5.000000,4.200000,11700,no
179,BUY,0.083570,21:07:23.345087954,yes,11.110000,ask1,1000,00:00:00.000034400,0.100000,10.000000,0.618538,2,1,1506,2094,5.000000,4.183200,11700,no
180,BUY,-0.625905,21:07:23.345087954,no,-,-,-,-,0.100000,10.000000,0.618538,2,1,1510,2090,5.000000,4.172100,11700,no
181,BUY,0.199928,21:07:23.345087954,yes,11.100000,ask1,1000,00:00:00.000044094,0.100000,10.000000,0.618538,2,1,1516,2084,5.000000,4.155600,11700,no
182,BUY,-0.155704,21:07:23.345087954,no,-,-,-,-,0.100000,10.000000,0.618538,2,1,1521,2079,5.000000,4.142000,11700,no
183,BUY,-0.463784,21:07:23.345087954,no,-,-,-,-,0.100000,10.000000,0.618538,2,1,1525,2075,5.000000,4.131100,11700,no
184,BUY,-0.638788,21:07:23.345087954,no,-,-,-,-,0.100000,10.000000,0.618538,2,1,1529,2071,5.000000,4.120300,11700,no
185,BUY,0.146452,21:07:23.345087954,yes,11.090000,ask1,1000,00:00:00.000036462,0.100000,10.000000,0.618538,2,1,1534,2066,5.000000,4.106900,11700,no
186,BUY,-0.170286,21:07:23.345087954,no,-,-,-,-,0.100000,10.000000,0.618538,2,1,1541,2059,5.000000,4.088200,11700,no
187,BUY,-0.454458,21:07:23.345087954,no,-,-,-,-,0.100000,10.000000,0.618538,2,1,1545,2055,5.000000,4.077600,11700,no
188,BUY,-0.840342,21:07:23.345087954,no,-,-,-,-,0.100000,10.000000,0.618538,2,1,1548,2052,5.000000,4.069700,11700,no
189,BUY,0.212062,21:07:23.345087954,yes,11.070000,ask1,1000,00:00:00.000036850,0.100000,10.000000,0.618538,2,1,1552,2048,5.000000,4.059200,11700,no
190,BUY,-0.319343,21:07:23.345087954,no,-,-,-,-,0.100000,10.000000,0.618538,2,1,1557,2043,5.000000,4.046200,11700,no
191,BUY,-0.239663,21:07:23.345087954,no,-,-,-,-,0.100000,10.000000,0.618538,2,1,1563,2037,5.000000,4.030700,11700,no
192,BUY,-0.558657,21:07:23.345087954,no,-,-,-,-,0.100000,10.000000,0.618538,2,1,1568,2032,5.000000,4.017800,11700,no
193,BUY,-1.048924,21:07:23.345087954,no,-,-,-,-,0.100000,10.000000,0.618538,2,1,1574,2026,5.000000,4.002500,11700,no
194,BUY,0.014933,21:07:23.345087954,no,-,-,-,-,0.100000,10.000000,0.618538,2,1,1578,2022,5.000000,3.992300,11700,no
195,BUY,0.229975,21:07:23.345087954,yes,11.070000,ask1,1000,00:00:00.000035558,0.100000,10.000000,0.618538,2,1,1583,2017,5.000000,3.979700,11700,no
196,BUY,-0.311754,21:07:23.345087954,no,-,-,-,-,0.100000,10.000000,0.618538,2,1,1588,2012,5.000000,3.967200,11700,no
197,BUY,-0.085850,21:07:23.345087954,no,-,-,-,-,0.100000,10.000000,0.618538,2,1,1593,2007,5.000000,3.954800,11700,no
198,BUY,-0.369147,21:07:23.345087954,no,-,-,-,-,0.100000,10.000000,0.618538,2,1,1599,2001,5.000000,3.939900,11700,no
199,BUY,-0.324956,21:07:23.345087954,no,-,-,-,-,0.100000,10.000000,0.618538,2,1,1603,1997,5.000000,3.930100,11700,no
200,BUY,-0.550415,21:07:23.345087954,no,-,-,-,-,0.100000,10.000000,0.618538,2,1,1607,1993,5.000000,3.920300,11700,no
201,BUY,-0.656032,21:07:23.345087954,no,-,-,-,-,0.100000,10.000000,0.618538,2,1,1612,1988,5.000000,3.908100,11700,no
202,BUY,-0.601082,21:07:23.345087954,no,-,-,-,-,0.100000,10.000000,0.618538,2,1,1616,1984,5.000000,3.898500,11700,no
203,BUY,-0.868806,21:07:23.345087954,no,-,-,-,-,0.100000,10.000000,0.618538,2,1,1620,1980,5.000000,3.888800,11700,no
204,BUY,-0.821918,21:07:23.345087954,no,-,-,-,-,0.100000,10.000000,0.618538,2,1,1625,1975,5.000000,3.876900,11700,no
205,BUY,-0.129643,21:07:23.345087954,no,-,-,-,-,0.100000,10.000000,0.618538,2,1,1631,1969,5.000000,3.862600,11700,no
206,BUY,-0.726200,21:07:23.345087954,no,-,-,-,-,0.100000,10.000000,0.618538,2,1,1638,1962,5.000000,3.846100,11700,no
207,BUY,-0.651328,21:07:23.345087954,no,-,-,-,-,0.100000,10.000000,0.618538,2,1,1642,1958,5.000000,3.836700,11700,no
208,BUY,-0.636935,21:07:23.345087954,no,-,-,-,-,0.100000,10.000000,0.618538,2,1,1646,1954,5.000000,3.827400,11700,no
209,BUY,0.625462,21:07:23.345087954,yes,11.050000,ask1,1000,00:00:00.000036770,0.100000,10.000000,0.618538,2,1,1648,1952,5.000000,3.822800,11700,no
210,BUY,-0.175826,21:07:23.345087954,no,-,-,-,-,0.100000,10.000000,0.618538,2,1,1654,1946,5.000000,3.808900,11700,no
211,BUY,-0.087660,21:07:23.345087954,no,-,-,-,-,0.100000,10.000000,0.618538,2,1,1657,1943,5.000000,3.802000,11700,no
212,BUY,-0.369820,21:07:23.345087954,no,-,-,-,-,0.100000,10.000000,0.618538,2,1,1662,1938,5.000000,3.790600,11700,no
213,BUY,-0.456998,21:07:23.345087954,no,-,-,-,-,0.100000,10.000000,0.618538,2,1,1666,1934,5.000000,3.781500,11700,no
214,BUY,-1.048749,21:07:23.345087954,no,-,-,-,-,0.100000,10.000000,0.618538,2,1,1669,1931,5.000000,3.774700,11700,no
215,BUY,-0.542378,21:07:23.345087954,no,-,-,-,-,0.100000,10.000000,0.618538,2,1,1674,1926,5.000000,3.763400,11700,no
216,BUY,-1.166089,21:07:23.345087954,yes,11.340000,bid1,11700,00:00:00.000024932,0.100000,10.000000,0.618538,2,1,4928,-1328,5.000000,1.278400,11700,yes
217,BUY,-2.363628,21:07:23.345087954,yes,11.340000,bid1,11700,00:00:00.000024676,0.100000,10.000000,0.618538,2,1,4936,-1336,5.000000,1.276300,11700,yes
218,BUY,-1.676958,21:07:23.345087954,yes,11.330000,bid1,11700,00:00:00.000024041,0.100000,10.000000,0.618538,2,1,4942,-1342,5.000000,1.274700,11700,yes
219,BUY,-1.826024,21:07:23.345087954,yes,11.340000,bid1,11700,00:00:00.000026097,0.100000,10.000000,0.618538,2,1,4947,-1347,5.000000,1.273400,11700,yes
220,BUY,-2.008297,21:07:23.345087954,yes,11.340000,bid1,11700,00:00:00.000048012,0.100000,10.000000,0.618538,2,1,4954,-1354,5.000000,1.271600,11700,yes
221,BUY,-3.664856,21:07:23.345087954,yes,11.340000,bid1,11700,00:00:00.000023129,0.100000,10.000000,0.618538,2,1,4959,-1359,5.000000,1.270400,11700,yes
222,BUY,-4.684638,21:07:23.345087954,yes,11.340000,bid1,11700,00:00:00.000024614,0.100000,10.000000,0.618538,2,1,4965,-1365,5.000000,1.268800,11700,yes
223,BUY,-3.178283,21:07:23.345087954,yes,11.340000,bid1,11700,00:00:00.000026292,0.100000,10.000000,0.618538,2,1,4972,-1372,5.000000,1.267000,11700,yes
224,BUY,-3.950963,21:07:23.345087954,yes,11.320000,bid1,11700,00:00:00.000024970,0.100000,10.000000,0.618538,2,1,4977,-1377,5.000000,1.265800,11700,yes
225,BUY,-3.185837,21:07:23.345087954,yes,11.320000,bid1,11700,00:00:00.000027228,0.100000,10.000000,0.618538,2,1,4985,-1385,5.000000,1.263700,11700,yes
226,BUY,-2.609895,21:07:23.345087954,yes,11.320000,bid1,11700,00:00:00.000026085,0.100000,10.000000,0.618538,2,1,4991,-1391,5.000000,1.262200,11700,yes
227,BUY,0.240736,21:07:23.345087954,yes,11.340000,ask1,11700,00:00:00.000025927,0.100000,10.000000,0.618538,2,1,4997,-1397,5.000000,1.260700,11700,yes
228,BUY,-0.583549,21:07:23.345087954,yes,11.320000,bid1,11700,00:00:00.000031893,0.100000,10.000000,0.618538,2,1,5004,-1404,5.000000,1.258900,11700,yes
229,BUY,0.188669,21:07:23.345087954,yes,11.330000,ask1,11700,00:00:00.000024807,0.100000,10.000000,0.618538,2,1,5010,-1410,5.000000,1.257400,11700,yes
230,BUY,0.884656,21:07:23.345087954,yes,11.340000,ask1,11700,00:00:00.000025762,0.100000,10.000000,0.618538,2,1,5016,-1416,5.000000,1.255900,11700,yes
231,BUY,0.228285,21:07:23.345087954,yes,11.340000,ask1,11700,00:00:00.000025389,0.100000,10.000000,0.618538,2,1,5020,-1420,5.000000,1.254900,11700,yes
232,BUY,-0.856982,21:07:23.345087954,yes,11.330000,bid1,11700,00:00:00.000024959,0.100000,10.000000,0.618538,2,1,5026,-1426,5.000000,1.253400,11700,yes
233,BUY,-0.453591,21:07:23.345087954,yes,11.330000,bid1,11700,00:00:00.000025618,0.100000,10.000000,0.618538,2,1,5032,-1432,5.000000,1.251900,11700,yes
234,BUY,-1.350071,21:07:23.345087954,yes,11.330000,bid1,11700,00:00:00.000026087,0.100000,10.000000,0.618538,2,1,5035,-1435,5.000000,1.251200,11700,yes
235,BUY,-0.950766,21:07:23.345087954,yes,11.330000,bid1,11700,00:00:00.000034625,0.100000,10.000000,0.618538,2,1,5040,-1440,5.000000,1.250000,11700,yes
236,BUY,-0.305759,21:07:23.345087954,yes,11.330000,bid1,11700,00:00:00.000026387,0.100000,10.000000,0.618538,2,1,5047,-1447,5.000000,1.248200,11700,yes
237,BUY,-0.855169,21:07:23.345087954,yes,11.330000,bid1,11700,00:00:00.000025061,0.100000,10.000000,0.618538,2,1,5053,-1453,5.000000,1.246700,11700,yes
238,BUY,-1.619382,21:07:23.345087954,yes,11.330000,bid1,11700,00:00:00.000025247,0.100000,10.000000,0.618538,2,1,5059,-1459,5.000000,1.245300,11700,yes
239,BUY,-1.382139,21:07:23.345087954,yes,11.330000,bid1,11700,00:00:00.000024960,0.100000,10.000000,0.618538,2,1,5064,-1464,5.000000,1.244000,11700,yes
240,BUY,-1.562644,21:07:23.345087954,yes,11.330000,bid1,11700,00:00:00.000024587,0.100000,10.000000,0.618538,2,1,5068,-1468,5.000000,1.243000,11700,yes
241,BUY,-1.618525,21:07:23.345087954,yes,11.330000,bid1,11700,00:00:00.000024780,0.100000,10.000000,0.618538,2,1,5071,-1471,5.000000,1.242300,11700,yes
242,BUY,-0.600460,21:07:23.345087954,yes,11.330000,bid1,5400,00:00:00.000030204,0.100000,10.000000,0.618538,2,1,5075,-1475,5.000000,3.546700,0,yes
