轮数,方向,预测值,算法开始时间,是否下单,下单价格,档位,下单量,下单耗时(从预测到下单),r1,r2,std,freq,qty_scalar,经过时间,剩余时间,目标速度,实际速度,剩余量,是否为最后一轮
1,BUY,0.314620,21:07:23.345485912,no,-,-,-,-,0.909091,1.100000,0.632800,2,1,332,3268,1.250000,0.000000,4500,no
2,BUY,0.048358,21:07:23.345485912,no,-,-,-,-,0.826446,1.210000,0.632800,2,1,337,3263,1.250000,0.000000,4500,no
3,BUY,-0.112730,21:07:23.345485912,no,-,-,-,-,0.751315,1.331000,0.632800,2,1,341,3259,1.250000,0.000000,4500,no
4,BUY,0.102658,21:07:23.345485912,no,-,-,-,-,0.683013,1.464100,0.632800,2,1,347,3253,1.250000,0.000000,4500,no
5,BUY,-0.061873,21:07:23.345485912,no,-,-,-,-,0.620921,1.610510,0.632800,2,1,352,3248,1.250000,0.000000,4500,no
6,BUY,-0.245335,21:07:23.345485912,no,-,-,-,-,0.564474,1.771561,0.632800,2,1,357,3243,1.250000,0.000000,4500,no
7,BUY,-0.305587,21:07:23.345485912,no,-,-,-,-,0.513158,1.948717,0.632800,2,1,361,3239,1.250000,0.000000,4500,no
8,BUY,-0.215055,21:07:23.345485912,no,-,-,-,-,0.466507,2.143589,0.632800,2,1,365,3235,1.250000,0.000000,4500,no
9,BUY,-0.312380,21:07:23.345485912,no,-,-,-,-,0.424098,2.357948,0.632800,2,1,370,3230,1.250000,0.000000,4500,no
10,BUY,0.032846,21:07:23.345485912,no,-,-,-,-,0.385543,2.593742,0.632800,2,1,374,3226,1.250000,0.000000,4500,no
11,BUY,0.240698,21:07:23.345485912,yes,8.010000,ask1,200,00:00:00.000035699,0.350494,2.853117,0.632800,2,1,380,3220,1.250000,0.000000,4500,no
12,BUY,0.366160,21:07:23.345485912,yes,8.010000,ask1,300,00:00:00.000036812,0.318631,3.138428,0.632800,2,1,384,3216,1.250000,1.302000,4000,no
13,BUY,0.407653,21:07:23.345485912,yes,8.010000,ask1,300,00:00:00.000037124,0.318631,3.138428,0.632800,2,1,391,3209,1.250000,1.278700,4000,no
14,BUY,0.448994,21:07:23.345485912,yes,8.010000,ask1,300,00:00:00.000037418,0.318631,3.138428,0.632800,2,1,396,3204,1.250000,2.777700,3400,no
15,BUY,1.241052,21:07:23.345485912,yes,8.010000,ask1,200,00:00:00.000035785,0.350494,2.853117,0.632800,2,1,400,3200,1.250000,3.250000,3200,no
16,BUY,1.280237,21:07:23.345485912,yes,8.010000,ask1,200,00:00:00.000036187,0.385543,2.593742,0.632800,2,1,406,3194,1.250000,3.694500,3000,no
17,BUY,1.348517,21:07:23.345485912,yes,8.010000,ask1,200,00:00:00.000038260,0.424098,2.357948,0.632800,2,1,410,3190,1.250000,4.146300,2800,no
18,BUY,2.000887,21:07:23.345485912,yes,8.010000,ask1,200,00:00:00.000036422,0.466507,2.143589,0.632800,2,1,413,3187,1.250000,4.116200,2800,no
19,BUY,1.963835,21:07:23.345485912,yes,8.010000,ask1,100,00:00:00.000038047,0.513158,1.948717,0.632800,2,1,417,3183,1.250000,4.796100,2500,no
20,BUY,2.452243,21:07:23.345485912,yes,8.010000,ask1,100,00:00:00.000035812,0.564474,1.771561,0.632800,2,1,422,3178,1.250000,4.976300,2400,no
21,BUY,2.305223,21:07:23.345485912,yes,8.010000,ask1,100,00:00:00.000040568,0.620921,1.610510,0.632800,2,1,427,3173,1.250000,4.918000,2400,no
22,BUY,1.589457,21:07:23.345485912,yes,8.010000,ask1,100,00:00:00.000036490,0.683013,1.464100,0.632800,2,1,431,3169,1.250000,5.104400,2300,no
23,BUY,1.565744,21:07:23.345485912,yes,8.010000,ask1,100,00:00:00.000038327,0.751315,1.331000,0.632800,2,1,437,3163,1.250000,5.491900,2100,no
24,BUY,0.086289,21:07:23.345485912,no,-,-,-,-,0.826446,1.210000,0.632800,2,1,441,3159,1.250000,5.442100,2100,no
25,BUY,0.562648,21:07:23.345485912,no,-,-,-,-,0.909091,1.100000,0.632800,2,1,445,3155,1.250000,5.393200,2100,no
26,BUY,0.820387,21:07:23.345485912,yes,8.020000,ask1,100,00:00:00.000037490,1.000000,1.000000,0.632800,2,1,450,3150,1.250000,5.555500,2000,no
27,BUY,1.006436,21:07:23.345485912,no,-,-,-,-,1.100000,0.909091,0.632800,2,1,457,3143,1.250000,5.470400,2000,no
28,BUY,0.908849,21:07:23.345485912,no,-,-,-,-,1.210000,0.826446,0.632800,2,1,461,3139,1.250000,5.422900,2000,no
29,BUY,0.639295,21:07:23.345485912,no,-,-,-,-,1.331000,0.751315,0.632800,2,1,465,3135,1.250000,5.376300,2000,no
30,BUY,1.035447,21:07:23.345485912,no,-,-,-,-,1.464100,0.683013,0.632800,2,1,469,3131,1.250000,5.330400,2000,no
31,BUY,1.009437,21:07:23.345485912,no,-,-,-,-,1.610510,0.620921,0.632800,2,1,474,3126,1.250000,5.274200,2000,no
32,BUY,0.731863,21:07:23.345485912,no,-,-,-,-,1.771561,0.564474,0.632800,2,1,479,3121,1.250000,5.219200,2000,no
33,BUY,0.583865,21:07:23.345485912,no,-,-,-,-,1.948717,0.513158,0.632800,2,1,483,3117,1.250000,5.175900,2000,no
34,BUY,0.586327,21:07:23.345485912,no,-,-,-,-,2.143589,0.466507,0.632800,2,1,488,3112,1.250000,5.122900,2000,no
35,BUY,0.832327,21:07:23.345485912,no,-,-,-,-,2.357948,0.424098,0.632800,2,1,493,3107,1.250000,5.070900,2000,no
36,BUY,1.020832,21:07:23.345485912,no,-,-,-,-,2.593742,0.385543,0.632800,2,1,497,3103,1.250000,5.030100,2000,no
37,BUY,0.987288,21:07:23.345485912,no,-,-,-,-,2.853117,0.350494,0.632800,2,1,503,3097,1.250000,4.970100,2000,no
38,BUY,1.127531,21:07:23.345485912,no,-,-,-,-,3.138428,0.318631,0.632800,2,1,508,3092,1.250000,4.921200,2000,no
39,BUY,1.124308,21:07:23.345485912,no,-,-,-,-,3.452271,0.289664,0.632800,2,1,512,3088,1.250000,4.882800,2000,no
40,BUY,0.711653,21:07:23.345485912,no,-,-,-,-,3.797498,0.263331,0.632800,2,1,517,3083,1.250000,4.835500,2000,no
41,BUY,0.724519,21:07:23.345485912,no,-,-,-,-,4.177248,0.239392,0.632800,2,1,523,3077,1.250000,4.780100,2000,no
42,BUY,0.717939,21:07:23.345485912,no,-,-,-,-,4.594973,0.217629,0.632800,2,1,528,3072,1.250000,4.734800,2000,no
43,BUY,0.762403,21:07:23.345485912,no,-,-,-,-,5.054470,0.197845,0.632800,2,1,532,3068,1.250000,4.699200,2000,no
44,BUY,0.634958,21:07:23.345485912,no,-,-,-,-,5.559917,0.179859,0.632800,2,1,537,3063,1.250000,4.655400,2000,no
45,BUY,0.267156,21:07:23.345485912,no,-,-,-,-,6.115909,0.163508,0.632800,2,1,542,3058,1.250000,4.612500,2000,no
46,BUY,0.360216,21:07:23.345485912,no,-,-,-,-,6.727500,0.148644,0.632800,2,1,546,3054,1.250000,4.578700,2000,no
47,BUY,0.426160,21:07:23.345485912,no,-,-,-,-,7.400250,0.135131,0.632800,2,1,552,3048,1.250000,4.528900,2000,no
48,BUY,0.113209,21:07:23.345485912,no,-,-,-,-,8.140275,0.122846,0.632800,2,1,556,3044,1.250000,4.496400,2000,no
49,BUY,0.595704,21:07:23.345485912,no,-,-,-,-,8.954302,0.111678,0.632800,2,1,561,3039,1.250000,4.456300,2000,no
50,BUY,0.245564,21:07:23.345485912,no,-,-,-,-,9.849733,0.101526,0.632800,2,1,567,3033,1.250000,4.409100,2000,no
51,BUY,0.378106,21:07:23.345485912,no,-,-,-,-,10.000000,0.100000,0.632800,2,1,572,3028,1.250000,4.370600,2000,no
52,BUY,0.671761,21:07:23.345485912,no,-,-,-,-,10.000000,0.100000,0.632800,2,1,577,3023,1.250000,4.332700,2000,no
53,BUY,0.185962,21:07:23.345485912,no,-,-,-,-,10.000000,0.100000,0.632800,2,1,581,3019,1.250000,4.302900,2000,no
54,BUY,0.097850,21:07:23.345485912,no,-,-,-,-,10.000000,0.100000,0.632800,2,1,586,3014,1.250000,4.266200,2000,no
55,BUY,0.303201,21:07:23.345485912,no,-,-,-,-,10.000000,0.100000,0.632800,2,1,592,3008,1.250000,4.222900,2000,no
56,BUY,0.588251,21:07:23.345485912,no,-,-,-,-,10.000000,0.100000,0.632800,2,1,596,3004,1.250000,4.194600,2000,no
57,BUY,0.377373,21:07:23.345485912,no,-,-,-,-,10.000000,0.100000,0.632800,2,1,603,2997,1.250000,4.145900,2000,no
58,BUY,0.724556,21:07:23.345485912,no,-,-,-,-,10.000000,0.100000,0.632800,2,1,608,2992,1.250000,4.111800,2000,no
59,BUY,1.512108,21:07:23.345485912,no,-,-,-,-,10.000000,0.100000,0.632800,2,1,613,2987,1.250000,4.078300,2000,no
60,BUY,0.908358,21:07:23.345485912,no,-,-,-,-,10.000000,0.100000,0.632800,2,1,619,2981,1.250000,4.038700,2000,no
61,BUY,1.327544,21:07:23.345485912,no,-,-,-,-,10.000000,0.100000,0.632800,2,1,622,2978,1.250000,4.019200,2000,no
62,BUY,1.104933,21:07:23.345485912,no,-,-,-,-,10.000000,0.100000,0.632800,2,1,628,2972,1.250000,3.980800,2000,no
63,BUY,0.901888,21:07:23.345485912,no,-,-,-,-,10.000000,0.100000,0.632800,2,1,636,2964,1.250000,3.930800,2000,no
64,BUY,0.698903,21:07:23.345485912,no,-,-,-,-,10.000000,0.100000,0.632800,2,1,640,2960,1.250000,3.906200,2000,no
65,BUY,0.667350,21:07:23.345485912,no,-,-,-,-,10.000000,0.100000,0.632800,2,1,643,2957,1.250000,3.888000,2000,no
66,BUY,0.724306,21:07:23.345485912,no,-,-,-,-,10.000000,0.100000,0.632800,2,1,647,2953,1.250000,3.863900,2000,no
67,BUY,0.680857,21:07:23.345485912,no,-,-,-,-,10.000000,0.100000,0.632800,2,1,652,2948,1.250000,3.834300,2000,no
68,BUY,0.725788,21:07:23.345485912,no,-,-,-,-,10.000000,0.100000,0.632800,2,1,657,2943,1.250000,3.805100,2000,no
69,BUY,1.001824,21:07:23.345485912,no,-,-,-,-,10.000000,0.100000,0.632800,2,1,663,2937,1.250000,3.770700,2000,no
70,BUY,0.780598,21:07:23.345485912,no,-,-,-,-,10.000000,0.100000,0.632800,2,1,668,2932,1.250000,3.742500,2000,no
71,BUY,0.666241,21:07:23.345485912,no,-,-,-,-,10.000000,0.100000,0.632800,2,1,673,2927,1.250000,3.714700,2000,no
72,BUY,0.455005,21:07:23.345485912,no,-,-,-,-,10.000000,0.100000,0.632800,2,1,679,2921,1.250000,3.681800,2000,no
73,BUY,0.170472,21:07:23.345485912,no,-,-,-,-,10.000000,0.100000,0.632800,2,1,682,2918,1.250000,3.665600,2000,no
74,BUY,0.202400,21:07:23.345485912,no,-,-,-,-,10.000000,0.100000,0.632800,2,1,687,2913,1.250000,3.639000,2000,no
75,BUY,0.276345,21:07:23.345485912,no,-,-,-,-,10.000000,0.100000,0.632800,2,1,692,2908,1.250000,3.612700,2000,no
76,BUY,0.126842,21:07:23.345485912,no,-,-,-,-,10.000000,0.100000,0.632800,2,1,700,2900,1.250000,3.571400,2000,no
77,BUY,-0.059052,21:07:23.345485912,no,-,-,-,-,10.000000,0.100000,0.632800,2,1,705,2895,1.250000,3.546000,2000,no
78,BUY,0.065847,21:07:23.345485912,no,-,-,-,-,10.000000,0.100000,0.632800,2,1,711,2889,1.250000,3.516100,2000,no
79,BUY,0.086625,21:07:23.345485912,no,-,-,-,-,10.000000,0.100000,0.632800,2,1,715,2885,1.250000,3.496500,2000,no
80,BUY,0.011635,21:07:23.345485912,no,-,-,-,-,10.000000,0.100000,0.632800,2,1,720,2880,1.250000,3.472200,2000,no
81,BUY,-0.007486,21:07:23.345485912,no,-,-,-,-,10.000000,0.100000,0.632800,2,1,724,2876,1.250000,3.453000,2000,no
82,BUY,0.276292,21:07:23.345485912,no,-,-,-,-,10.000000,0.100000,0.632800,2,1,729,2871,1.250000,3.429300,2000,no
83,BUY,0.269684,21:07:23.345485912,no,-,-,-,-,10.000000,0.100000,0.632800,2,1,735,2865,1.250000,3.401300,2000,no
84,BUY,0.259971,21:07:23.345485912,no,-,-,-,-,10.000000,0.100000,0.632800,2,1,739,2861,1.250000,3.382900,2000,no
85,BUY,0.123194,21:07:23.345485912,no,-,-,-,-,10.000000,0.100000,0.632800,2,1,745,2855,1.250000,3.355700,2000,no
86,BUY,0.062783,21:07:23.345485912,no,-,-,-,-,10.000000,0.100000,0.632800,2,1,750,2850,1.250000,3.333300,2000,no
87,BUY,1.346036,21:07:23.345485912,no,-,-,-,-,10.000000,0.100000,0.632800,2,1,755,2845,1.250000,3.311200,2000,no
88,BUY,1.054346,21:07:23.345485912,no,-,-,-,-,10.000000,0.100000,0.632800,2,1,758,2842,1.250000,3.298100,2000,no
89,BUY,0.956920,21:07:23.345485912,no,-,-,-,-,10.000000,0.100000,0.632800,2,1,765,2835,1.250000,3.267900,2000,no
90,BUY,1.244365,21:07:23.345485912,no,-,-,-,-,10.000000,0.100000,0.632800,2,1,768,2832,1.250000,3.255200,2000,no
91,BUY,0.862616,21:07:23.345485912,no,-,-,-,-,10.000000,0.100000,0.632800,2,1,773,2827,1.250000,3.234100,2000,no
92,BUY,0.975557,21:07:23.345485912,no,-,-,-,-,10.000000,0.100000,0.632800,2,1,778,2822,1.250000,3.213300,2000,no
93,BUY,0.847202,21:07:23.345485912,no,-,-,-,-,10.000000,0.100000,0.632800,2,1,784,2816,1.250000,3.188700,2000,no
94,BUY,0.479460,21:07:23.345485912,no,-,-,-,-,10.000000,0.100000,0.632800,2,1,789,2811,1.250000,3.168500,2000,no
95,BUY,0.545759,21:07:23.345485912,no,-,-,-,-,10.000000,0.100000,0.632800,2,1,792,2808,1.250000,3.156500,2000,no
96,BUY,1.896128,21:07:23.345485912,no,-,-,-,-,10.000000,0.100000,0.632800,2,1,797,2803,1.250000,3.136700,2000,no
97,BUY,1.712564,21:07:23.345485912,no,-,-,-,-,10.000000,0.100000,0.632800,2,1,803,2797,1.250000,3.113300,2000,no
98,BUY,0.993077,21:07:23.345485912,no,-,-,-,-,10.000000,0.100000,0.632800,2,1,809,2791,1.250000,3.090200,2000,no
99,BUY,1.346442,21:07:23.345485912,no,-,-,-,-,10.000000,0.100000,0.632800,2,1,812,2788,1.250000,3.078800,2000,no
100,BUY,0.608819,21:07:23.345485912,no,-,-,-,-,10.000000,0.100000,0.632800,2,1,819,2781,1.250000,3.052500,2000,no
101,BUY,0.519002,21:07:23.345485912,no,-,-,-,-,10.000000,0.100000,0.632800,2,1,823,2777,1.250000,3.037600,2000,no
102,BUY,1.074715,21:07:23.345485912,no,-,-,-,-,10.000000,0.100000,0.632800,2,1,826,2774,1.250000,3.026600,2000,no
103,BUY,0.935026,21:07:23.345485912,no,-,-,-,-,10.000000,0.100000,0.632800,2,1,832,2768,1.250000,3.004800,2000,no
104,BUY,0.560297,21:07:23.345485912,no,-,-,-,-,10.000000,0.100000,0.632800,2,1,836,2764,1.250000,2.990400,2000,no
105,BUY,0.205897,21:07:23.345485912,no,-,-,-,-,10.000000,0.100000,0.632800,2,1,840,2760,1.250000,2.976100,2000,no
106,BUY,0.009206,21:07:23.345485912,no,-,-,-,-,10.000000,0.100000,0.632800,2,1,845,2755,1.250000,2.958500,2000,no
107,BUY,0.001978,21:07:23.345485912,no,-,-,-,-,10.000000,0.100000,0.632800,2,1,850,2750,1.250000,2.941100,2000,no
108,BUY,0.079026,21:07:23.345485912,no,-,-,-,-,10.000000,0.100000,0.632800,2,1,857,2743,1.250000,2.917100,2000,no
109,BUY,0.090869,21:07:23.345485912,no,-,-,-,-,10.000000,0.100000,0.632800,2,1,861,2739,1.250000,2.903600,2000,no
110,BUY,0.469189,21:07:23.345485912,no,-,-,-,-,10.000000,0.100000,0.632800,2,1,864,2736,1.250000,2.893500,2000,no
111,BUY,0.288138,21:07:23.345485912,no,-,-,-,-,10.000000,0.100000,0.632800,2,1,869,2731,1.250000,2.876800,2000,no
112,BUY,0.122381,21:07:23.345485912,no,-,-,-,-,10.000000,0.100000,0.632800,2,1,875,2725,1.250000,2.857100,2000,no
113,BUY,-0.067897,21:07:23.345485912,no,-,-,-,-,10.000000,0.100000,0.632800,2,1,879,2721,1.250000,2.844100,2000,no
114,BUY,-0.069601,21:07:23.345485912,no,-,-,-,-,10.000000,0.100000,0.632800,2,1,883,2717,1.250000,2.831200,2000,no
115,BUY,-0.142819,21:07:23.345485912,no,-,-,-,-,10.000000,0.100000,0.632800,2,1,890,2710,1.250000,2.808900,2000,no
116,BUY,-0.043994,21:07:23.345485912,no,-,-,-,-,10.000000,0.100000,0.632800,2,1,896,2704,1.250000,2.790100,2000,no
117,BUY,-0.100935,21:07:23.345485912,no,-,-,-,-,10.000000,0.100000,0.632800,2,1,901,2699,1.250000,2.774600,2000,no
118,BUY,0.097660,21:07:23.345485912,no,-,-,-,-,10.000000,0.100000,0.632800,2,1,906,2694,1.250000,2.759300,2000,no
119,BUY,-0.133909,21:07:23.345485912,no,-,-,-,-,10.000000,0.100000,0.632800,2,1,909,2691,1.250000,2.750200,2000,no
120,BUY,-0.758809,21:07:23.345485912,no,-,-,-,-,10.000000,0.100000,0.632800,2,1,1188,2412,1.250000,2.104300,2000,no
121,BUY,-1.049351,21:07:23.345485912,no,-,-,-,-,10.000000,0.100000,0.632800,2,1,1193,2407,1.250000,2.095500,2000,no
122,BUY,-0.151360,21:07:23.345485912,no,-,-,-,-,10.000000,0.100000,0.632800,2,1,1198,2402,1.250000,2.086800,2000,no
123,BUY,-0.430706,21:07:23.345485912,no,-,-,-,-,10.000000,0.100000,0.632800,2,1,1204,2396,1.250000,2.076400,2000,no
124,BUY,-0.523367,21:07:23.345485912,no,-,-,-,-,10.000000,0.100000,0.632800,2,1,1210,2390,1.250000,2.066100,2000,no
125,BUY,-0.805892,21:07:23.345485912,no,-,-,-,-,10.000000,0.100000,0.632800,2,1,1218,2382,1.250000,2.052500,2000,no
126,BUY,-1.507331,21:07:23.345485912,no,-,-,-,-,10.000000,0.100000,0.632800,2,1,1222,2378,1.250000,2.045800,2000,no
127,BUY,-1.345146,21:07:23.345485912,no,-,-,-,-,10.000000,0.100000,0.632800,2,1,1229,2371,1.250000,2.034100,2000,no
128,BUY,-1.483777,21:07:23.345485912,no,-,-,-,-,10.000000,0.100000,0.632800,2,1,1234,2366,1.250000,2.025900,2000,no
129,BUY,-1.215626,21:07:23.345485912,no,-,-,-,-,10.000000,0.100000,0.632800,2,1,1239,2361,1.250000,2.017700,2000,no
130,BUY,-0.324449,21:07:23.345485912,no,-,-,-,-,10.000000,0.100000,0.632800,2,1,1244,2356,1.250000,2.009600,2000,no
131,BUY,-1.353381,21:07:23.345485912,no,-,-,-,-,10.000000,0.100000,0.632800,2,1,1251,2349,1.250000,1.998400,2000,no
132,BUY,-1.323832,21:07:23.345485912,no,-,-,-,-,10.000000,0.100000,0.632800,2,1,1257,2343,1.250000,1.988800,2000,no
133,BUY,-0.201389,21:07:23.345485912,no,-,-,-,-,10.000000,0.100000,0.632800,2,1,1263,2337,1.250000,1.979400,2000,no
134,BUY,-0.248376,21:07:23.345485912,no,-,-,-,-,10.000000,0.100000,0.632800,2,1,1268,2332,1.250000,1.971600,2000,no
135,BUY,-0.379220,21:07:23.345485912,no,-,-,-,-,10.000000,0.100000,0.632800,2,1,1273,2327,1.250000,1.963800,2000,no
136,BUY,-0.457282,21:07:23.345485912,no,-,-,-,-,10.000000,0.100000,0.632800,2,1,1279,2321,1.250000,1.954600,2000,no
137,BUY,-0.429539,21:07:23.345485912,no,-,-,-,-,10.000000,0.100000,0.632800,2,1,1286,2314,1.250000,1.944000,2000,no
138,BUY,-1.274400,21:07:23.345485912,no,-,-,-,-,10.000000,0.100000,0.632800,2,1,1293,2307,1.250000,1.933400,2000,no
139,BUY,-0.616719,21:07:23.345485912,no,-,-,-,-,10.000000,0.100000,0.632800,2,1,1299,2301,1.250000,1.924500,2000,no
140,BUY,-0.843465,21:07:23.345485912,no,-,-,-,-,10.000000,0.100000,0.632800,2,1,1304,2296,1.250000,1.917100,2000,no
141,BUY,-1.081237,21:07:23.345485912,no,-,-,-,-,10.000000,0.100000,0.632800,2,1,1312,2288,1.250000,1.905400,2000,no
142,BUY,0.054070,21:07:23.345485912,no,-,-,-,-,10.000000,0.100000,0.632800,2,1,1315,2285,1.250000,1.901100,2000,no
143,BUY,-0.300129,21:07:23.345485912,no,-,-,-,-,10.000000,0.100000,0.632800,2,1,1323,2277,1.250000,1.889600,2000,no
144,BUY,-0.504816,21:07:23.345485912,no,-,-,-,-,10.000000,0.100000,0.632800,2,1,1328,2272,1.250000,1.882500,2000,no
145,BUY,-0.447614,21:07:23.345485912,no,-,-,-,-,10.000000,0.100000,0.632800,2,1,1335,2265,1.250000,1.872600,2000,no
146,BUY,-0.326072,21:07:23.345485912,no,-,-,-,-,10.000000,0.100000,0.632800,2,1,1341,2259,1.250000,1.864200,2000,no
147,BUY,-0.571925,21:07:23.345485912,no,-,-,-,-,10.000000,0.100000,0.632800,2,1,1345,2255,1.250000,1.858700,2000,no
148,BUY,-0.515806,21:07:23.345485912,no,-,-,-,-,10.000000,0.100000,0.632800,2,1,1350,2250,1.250000,1.851800,2000,no
149,BUY,-0.640065,21:07:23.345485912,no,-,-,-,-,10.000000,0.100000,0.632800,2,1,1355,2245,1.250000,1.845000,2000,no
150,BUY,-0.768517,21:07:23.345485912,no,-,-,-,-,10.000000,0.100000,0.632800,2,1,1360,2240,1.250000,1.838200,2000,no
151,BUY,-0.849544,21:07:23.345485912,no,-,-,-,-,10.000000,0.100000,0.632800,2,1,1364,2236,1.250000,1.832800,2000,no
152,BUY,-0.820151,21:07:23.345485912,no,-,-,-,-,10.000000,0.100000,0.632800,2,1,1371,2229,1.250000,1.823400,2000,no
153,BUY,-0.657026,21:07:23.345485912,no,-,-,-,-,10.000000,0.100000,0.632800,2,1,1376,2224,1.250000,1.816800,2000,no
154,BUY,-0.682401,21:07:23.345485912,no,-,-,-,-,10.000000,0.100000,0.632800,2,1,1382,2218,1.250000,1.808900,2000,no
155,BUY,-0.599056,21:07:23.345485912,no,-,-,-,-,10.000000,0.100000,0.632800,2,1,1387,2213,1.250000,1.802400,2000,no
156,BUY,-0.613247,21:07:23.345485912,no,-,-,-,-,10.000000,0.100000,0.632800,2,1,1391,2209,1.250000,1.797200,2000,no
157,BUY,-0.739021,21:07:23.345485912,no,-,-,-,-,10.000000,0.100000,0.632800,2,1,1395,2205,1.250000,1.792100,2000,no
158,BUY,-0.793544,21:07:23.345485912,no,-,-,-,-,10.000000,0.100000,0.632800,2,1,1401,2199,1.250000,1.784400,2000,no
159,BUY,-0.784730,21:07:23.345485912,no,-,-,-,-,10.000000,0.100000,0.632800,2,1,1407,2193,1.250000,1.776800,2000,no
160,BUY,-0.669503,21:07:23.345485912,no,-,-,-,-,10.000000,0.100000,0.632800,2,1,1410,2190,1.250000,1.773000,2000,no
161,BUY,-0.825884,21:07:23.345485912,no,-,-,-,-,10.000000,0.100000,0.632800,2,1,1415,2185,1.250000,1.766700,2000,no
162,BUY,-0.806175,21:07:23.345485912,no,-,-,-,-,10.000000,0.100000,0.632800,2,1,1417,2183,1.250000,1.764200,2000,no
163,BUY,-0.732794,21:07:23.345485912,no,-,-,-,-,10.000000,0.100000,0.632800,2,1,1420,2180,1.250000,1.760500,2000,no
164,BUY,-0.761348,21:07:23.345485912,no,-,-,-,-,10.000000,0.100000,0.632800,2,1,1424,2176,1.250000,1.755600,2000,no
165,BUY,-0.851861,21:07:23.345485912,no,-,-,-,-,10.000000,0.100000,0.632800,2,1,1427,2173,1.250000,1.751900,2000,no
166,BUY,-1.014636,21:07:23.345485912,no,-,-,-,-,10.000000,0.100000,0.632800,2,1,1433,2167,1.250000,1.744500,2000,no
167,BUY,-1.111008,21:07:23.345485912,no,-,-,-,-,10.000000,0.100000,0.632800,2,1,1438,2162,1.250000,1.738500,2000,no
168,BUY,-0.714334,21:07:23.345485912,no,-,-,-,-,10.000000,0.100000,0.632800,2,1,1444,2156,1.250000,1.731300,2000,no
169,BUY,-0.773123,21:07:23.345485912,no,-,-,-,-,10.000000,0.100000,0.632800,2,1,1450,2150,1.250000,1.724100,2000,no
170,BUY,-1.031339,21:07:23.345485912,no,-,-,-,-,10.000000,0.100000,0.632800,2,1,1453,2147,1.250000,1.720500,2000,no
171,BUY,-1.008208,21:07:23.345485912,no,-,-,-,-,10.000000,0.100000,0.632800,2,1,1457,2143,1.250000,1.715800,2000,no
172,BUY,-1.242317,21:07:23.345485912,no,-,-,-,-,10.000000,0.100000,0.632800,2,1,1463,2137,1.250000,1.708800,2000,no
173,BUY,-1.178773,21:07:23.345485912,no,-,-,-,-,10.000000,0.100000,0.632800,2,1,1467,2133,1.250000,1.704100,2000,no
174,BUY,-0.990760,21:07:23.345485912,no,-,-,-,-,10.000000,0.100000,0.632800,2,1,1472,2128,1.250000,1.698300,2000,no
175,BUY,-0.876451,21:07:23.345485912,no,-,-,-,-,10.000000,0.100000,0.632800,2,1,1477,2123,1.250000,1.692600,2000,no
176,BUY,-1.059203,21:07:23.345485912,no,-,-,-,-,10.000000,0.100000,0.632800,2,1,1481,2119,1.250000,1.688000,2000,no
177,BUY,-1.105699,21:07:23.345485912,no,-,-,-,-,10.000000,0.100000,0.632800,2,1,1485,2115,1.250000,1.683500,2000,no
178,BUY,-0.992549,21:07:23.345485912,no,-,-,-,-,10.000000,0.100000,0.632800,2,1,1490,2110,1.250000,1.677800,2000,no
179,BUY,-0.650415,21:07:23.345485912,no,-,-,-,-,10.000000,0.100000,0.632800,2,1,1497,2103,1.250000,1.670000,2000,no
180,BUY,-1.108532,21:07:23.345485912,no,-,-,-,-,10.000000,0.100000,0.632800,2,1,1503,2097,1.250000,1.663300,2000,no
181,BUY,-0.963922,21:07:23.345485912,no,-,-,-,-,10.000000,0.100000,0.632800,2,1,1507,2093,1.250000,1.658900,2000,no
182,BUY,-1.125883,21:07:23.345485912,no,-,-,-,-,10.000000,0.100000,0.632800,2,1,1514,2086,1.250000,1.651200,2000,no
183,BUY,-1.166042,21:07:23.345485912,no,-,-,-,-,10.000000,0.100000,0.632800,2,1,1518,2082,1.250000,1.646900,2000,no
184,BUY,-1.146880,21:07:23.345485912,no,-,-,-,-,10.000000,0.100000,0.632800,2,1,1523,2077,1.250000,1.641400,2000,no
185,BUY,-1.103927,21:07:23.345485912,no,-,-,-,-,10.000000,0.100000,0.632800,2,1,1527,2073,1.250000,1.637100,2000,no
186,BUY,-1.447048,21:07:23.345485912,no,-,-,-,-,10.000000,0.100000,0.632800,2,1,1531,2069,1.250000,1.632900,2000,no
187,BUY,-1.264201,21:07:23.345485912,no,-,-,-,-,10.000000,0.100000,0.632800,2,1,1538,2062,1.250000,1.625400,2000,no
188,BUY,-1.249814,21:07:23.345485912,no,-,-,-,-,10.000000,0.100000,0.632800,2,1,1544,2056,1.250000,1.619100,2000,no
189,BUY,-1.331804,21:07:23.345485912,no,-,-,-,-,10.000000,0.100000,0.632800,2,1,1547,2053,1.250000,1.616000,2000,no
190,BUY,-0.896724,21:07:23.345485912,no,-,-,-,-,10.000000,0.100000,0.632800,2,1,1550,2050,1.250000,1.612900,2000,no
191,BUY,-0.899384,21:07:23.345485912,no,-,-,-,-,10.000000,0.100000,0.632800,2,1,1555,2045,1.250000,1.607700,2000,no
192,BUY,-1.255804,21:07:23.345485912,no,-,-,-,-,10.000000,0.100000,0.632800,2,1,1561,2039,1.250000,1.601500,2000,no
193,BUY,-0.619052,21:07:23.345485912,no,-,-,-,-,10.000000,0.100000,0.632800,2,1,1566,2034,1.250000,1.596400,2000,no
194,BUY,-0.629628,21:07:23.345485912,no,-,-,-,-,10.000000,0.100000,0.632800,2,1,1570,2030,1.250000,1.592300,2000,no
195,BUY,-0.831688,21:07:23.345485912,no,-,-,-,-,10.000000,0.100000,0.632800,2,1,1576,2024,1.250000,1.586200,2000,no
196,BUY,-0.654680,21:07:23.345485912,no,-,-,-,-,10.000000,0.100000,0.632800,2,1,1582,2018,1.250000,1.580200,2000,no
197,BUY,-0.597749,21:07:23.345485912,no,-,-,-,-,10.000000,0.100000,0.632800,2,1,1586,2014,1.250000,1.576200,2000,no
198,BUY,-0.616138,21:07:23.345485912,no,-,-,-,-,10.000000,0.100000,0.632800,2,1,1590,2010,1.250000,1.572300,2000,no
199,BUY,-0.705284,21:07:23.345485912,no,-,-,-,-,10.000000,0.100000,0.632800,2,1,1595,2005,1.250000,1.567300,2000,no
200,BUY,-0.864751,21:07:23.345485912,no,-,-,-,-,10.000000,0.100000,0.632800,2,1,1601,1999,1.250000,1.561500,2000,no
201,BUY,-0.801781,21:07:23.345485912,no,-,-,-,-,10.000000,0.100000,0.632800,2,1,1605,1995,1.250000,1.557600,2000,no
202,BUY,-0.681929,21:07:23.345485912,no,-,-,-,-,10.000000,0.100000,0.632800,2,1,1609,1991,1.250000,1.553700,2000,no
203,BUY,-0.876110,21:07:23.345485912,no,-,-,-,-,10.000000,0.100000,0.632800,2,1,1615,1985,1.250000,1.547900,2000,no
204,BUY,-1.276753,21:07:23.345485912,no,-,-,-,-,10.000000,0.100000,0.632800,2,1,1619,1981,1.250000,1.544100,2000,no
205,BUY,-1.307081,21:07:23.345485912,no,-,-,-,-,10.000000,0.100000,0.632800,2,1,1623,1977,1.250000,1.540300,2000,no
206,BUY,-0.945465,21:07:23.345485912,no,-,-,-,-,10.000000,0.100000,0.632800,2,1,1629,1971,1.250000,1.534600,2000,no
207,BUY,-0.994384,21:07:23.345485912,no,-,-,-,-,10.000000,0.100000,0.632800,2,1,1634,1966,1.250000,1.529900,2000,no
208,BUY,-0.761970,21:07:23.345485912,no,-,-,-,-,10.000000,0.100000,0.632800,2,1,1640,1960,1.250000,1.524300,2000,no
209,BUY,-0.529564,21:07:23.345485912,no,-,-,-,-,10.000000,0.100000,0.632800,2,1,1644,1956,1.250000,1.520600,2000,no
210,BUY,-0.334920,21:07:23.345485912,no,-,-,-,-,10.000000,0.100000,0.632800,2,1,1647,1953,1.250000,1.517900,2000,no
211,BUY,-0.108560,21:07:23.345485912,no,-,-,-,-,10.000000,0.100000,0.632800,2,1,1651,1949,1.250000,1.514200,2000,no
212,BUY,-0.421056,21:07:23.345485912,no,-,-,-,-,10.000000,0.100000,0.632800,2,1,1655,1945,1.250000,1.510500,2000,no
213,BUY,-0.322854,21:07:23.345485912,no,-,-,-,-,10.000000,0.100000,0.632800,2,1,1660,1940,1.250000,1.506000,2000,no
214,BUY,-0.137354,21:07:23.345485912,no,-,-,-,-,10.000000,0.100000,0.632800,2,1,1664,1936,1.250000,1.502400,2000,no
215,BUY,-0.319643,21:07:23.345485912,no,-,-,-,-,10.000000,0.100000,0.632800,2,1,1667,1933,1.250000,1.499700,2000,no
216,BUY,-0.145855,21:07:23.345485912,no,-,-,-,-,10.000000,0.100000,0.632800,2,1,1672,1928,1.250000,1.495200,2000,no
217,BUY,0.100413,21:07:23.345485912,yes,7.960000,bid1,2000,00:00:00.000025925,9.090909,0.110000,0.632800,2,1,4932,-1332,1.250000,0.506800,2000,yes
218,BUY,-0.339858,21:07:23.345485912,yes,7.960000,bid1,2000,00:00:00.000024724,8.264463,0.121000,0.632800,2,1,4938,-1338,1.250000,0.506200,2000,yes
219,BUY,-0.674539,21:07:23.345485912,yes,7.960000,bid1,2000,00:00:00.000024338,7.513148,0.133100,0.632800,2,1,4944,-1344,1.250000,0.505600,2000,yes
220,BUY,-0.215425,21:07:23.345485912,yes,7.960000,bid1,2000,00:00:00.000025962,6.830135,0.146410,0.632800,2,1,4951,-1351,1.250000,0.504900,2000,yes
221,BUY,0.014502,21:07:23.345485912,yes,7.960000,bid1,2000,00:00:00.000023723,6.209213,0.161051,0.632800,2,1,4956,-1356,1.250000,0.504400,2000,yes
222,BUY,0.279112,21:07:23.345485912,yes,7.960000,bid1,2000,00:00:00.000024556,5.644739,0.177156,0.632800,2,1,4962,-1362,1.250000,0.503800,2000,yes
223,BUY,-0.572406,21:07:23.345485912,yes,7.960000,bid1,2000,00:00:00.000025184,5.131581,0.194872,0.632800,2,1,4968,-1368,1.250000,0.503200,2000,yes
224,BUY,-0.667938,21:07:23.345485912,yes,7.960000,bid1,2000,00:00:00.000025456,4.665074,0.214359,0.632800,2,1,4975,-1375,1.250000,0.502500,2000,yes
225,BUY,-0.330713,21:07:23.345485912,yes,7.960000,bid1,2000,00:00:00.000026045,4.240976,0.235795,0.632800,2,1,4982,-1382,1.250000,0.501800,2000,yes
226,BUY,-0.195020,21:07:23.345485912,yes,7.960000,bid1,2000,00:00:00.000041952,3.855433,0.259374,0.632800,2,1,4988,-1388,1.250000,0.501200,2000,yes
227,BUY,-0.790112,21:07:23.345485912,yes,7.960000,bid1,2000,00:00:00.000023662,3.504939,0.285312,0.632800,2,1,4995,-1395,1.250000,0.500500,2000,yes
228,BUY,-0.832843,21:07:23.345485912,yes,7.960000,bid1,2000,00:00:00.000025674,3.186308,0.313843,0.632800,2,1,5001,-1401,1.250000,0.499900,2000,yes
229,BUY,-1.322664,21:07:23.345485912,yes,7.960000,bid1,2000,00:00:00.000025447,2.896644,0.345227,0.632800,2,1,5007,-1407,1.250000,0.499300,2000,yes
230,BUY,-0.922138,21:07:23.345485912,yes,7.960000,bid1,2000,00:00:00.000025201,2.633313,0.379750,0.632800,2,1,5014,-1414,1.250000,0.498600,2000,yes
231,BUY,-1.085486,21:07:23.345485912,yes,7.960000,bid1,2000,00:00:00.000025233,2.393920,0.417725,0.632800,2,1,5018,-1418,1.250000,0.498200,2000,yes
232,BUY,-0.417385,21:07:23.345485912,yes,7.960000,bid1,2000,00:00:00.000026446,2.176291,0.459497,0.632800,2,1,5024,-1424,1.250000,0.497600,2000,yes
233,BUY,-0.913058,21:07:23.345485912,yes,7.960000,bid1,2000,00:00:00.000024252,1.978447,0.505447,0.632800,2,1,5029,-1429,1.250000,0.497100,2000,yes
234,BUY,-0.710066,21:07:23.345485912,yes,7.960000,bid1,2000,00:00:00.000026113,1.798588,0.555992,0.632800,2,1,5038,-1438,1.250000,0.496200,2000,yes
235,BUY,-1.021020,21:07:23.345485912,yes,7.960000,bid1,2000,00:00:00.000024906,1.635080,0.611591,0.632800,2,1,5044,-1444,1.250000,0.495600,2000,yes
236,BUY,0.741825,21:07:23.345485912,yes,7.960000,bid1,2000,00:00:00.000024528,1.486436,0.672750,0.632800,2,1,5050,-1450,1.250000,0.495000,2000,yes
237,BUY,0.670150,21:07:23.345485912,yes,7.960000,bid1,2000,00:00:00.000025314,1.351306,0.740025,0.632800,2,1,5056,-1456,1.250000,0.494400,2000,yes
238,BUY,1.045084,21:07:23.345485912,yes,7.970000,ask1,2000,00:00:00.000025551,1.228460,0.814027,0.632800,2,1,5061,-1461,1.250000,0.493900,2000,yes
239,BUY,0.483055,21:07:23.345485912,yes,7.960000,bid1,2000,00:00:00.000034610,1.116782,0.895430,0.632800,2,1,5067,-1467,1.250000,0.493300,2000,yes
240,BUY,-0.129699,21:07:23.345485912,yes,7.960000,bid1,2000,00:00:00.000025640,1.015256,0.984973,0.632800,2,1,5069,-1469,1.250000,0.493100,2000,yes
241,BUY,0.685310,21:07:23.345485912,yes,7.970000,ask1,2000,00:00:00.000027619,0.922960,1.083471,0.632800,2,1,5074,-1474,1.250000,0.985400,-500,yes
