轮数,方向,预测值,算法开始时间,是否下单,下单价格,档位,下单量,下单耗时(从预测到下单),r1,r2,std,freq,qty_scalar,经过时间,剩余时间,目标速度,实际速度,剩余量,是否为最后一轮
1,BUY,-0.296235,21:07:23.345892484,no,-,-,-,-,0.909091,1.100000,0.621822,2,1,331,3269,6.250000,0.000000,22500,no
2,BUY,-0.007814,21:07:23.345892484,no,-,-,-,-,0.826446,1.210000,0.621822,2,1,336,3264,6.250000,0.000000,22500,no
3,BUY,0.075180,21:07:23.345892484,no,-,-,-,-,0.751315,1.331000,0.621822,2,1,340,3260,6.250000,0.000000,22500,no
4,BUY,0.334902,21:07:23.345892484,no,-,-,-,-,0.683013,1.464100,0.621822,2,1,345,3255,6.250000,0.000000,22500,no
5,BUY,0.234110,21:07:23.345892484,no,-,-,-,-,0.620921,1.610510,0.621822,2,1,349,3251,6.250000,0.000000,22500,no
6,BUY,0.053010,21:07:23.345892484,no,-,-,-,-,0.564474,1.771561,0.621822,2,1,355,3245,6.250000,0.000000,22500,no
7,BUY,0.147581,21:07:23.345892484,no,-,-,-,-,0.513158,1.948717,0.621822,2,1,360,3240,6.250000,0.000000,22500,no
8,BUY,0.729744,21:07:23.345892484,yes,15.640000,ask1,200,00:00:00.000039209,0.466507,2.143589,0.621822,2,1,364,3236,6.250000,0.549400,22300,no
9,BUY,0.628793,21:07:23.345892484,yes,15.640000,ask1,200,00:00:00.000038671,0.424098,2.357948,0.621822,2,1,368,3232,6.250000,1.086900,22100,no
10,BUY,1.536963,21:07:23.345892484,yes,15.620000,ask1,200,00:00:00.000038725,0.385543,2.593742,0.621822,2,1,373,3227,6.250000,1.608500,21900,no
11,BUY,2.239592,21:07:23.345892484,yes,15.630000,ask1,200,00:00:00.000038394,0.350494,2.853117,0.621822,2,1,378,3222,6.250000,1.587300,21900,no
12,BUY,1.455993,21:07:23.345892484,yes,15.640000,ask1,300,00:00:00.000036166,0.318631,3.138428,0.621822,2,1,382,3218,6.250000,2.094200,21700,no
13,BUY,2.084826,21:07:23.345892484,yes,15.610000,ask1,300,00:00:00.000035736,0.289664,3.452271,0.621822,2,1,388,3212,6.250000,2.835000,21400,no
14,BUY,1.025043,21:07:23.345892484,yes,15.630000,ask1,300,00:00:00.000035169,0.263331,3.797498,0.621822,2,1,395,3205,6.250000,4.303700,20800,no
15,BUY,1.668960,21:07:23.345892484,yes,15.620000,ask1,400,00:00:00.000037638,0.239392,4.177248,0.621822,2,1,399,3201,6.250000,5.263100,20400,no
16,BUY,1.160278,21:07:23.345892484,yes,15.630000,ask1,400,00:00:00.000038395,0.217629,4.594973,0.621822,2,1,405,3195,6.250000,6.172800,20000,no
17,BUY,1.676879,21:07:23.345892484,yes,15.630000,ask1,500,00:00:00.000044370,0.197845,5.054470,0.621822,2,1,409,3191,6.250000,7.334900,19500,no
18,BUY,1.502156,21:07:23.345892484,yes,15.640000,ask1,500,00:00:00.000036944,0.197845,5.054470,0.621822,2,1,412,3188,6.250000,7.281500,19500,no
19,BUY,1.931261,21:07:23.345892484,yes,15.640000,ask1,500,00:00:00.000038788,0.197845,5.054470,0.621822,2,1,416,3184,6.250000,9.615300,18500,no
20,BUY,1.038590,21:07:23.345892484,yes,15.650000,ask1,500,00:00:00.000036208,0.197845,5.054470,0.621822,2,1,421,3179,6.250000,9.501100,18500,no
21,BUY,1.208031,21:07:23.345892484,yes,15.650000,ask1,500,00:00:00.000037340,0.197845,5.054470,0.621822,2,1,425,3175,6.250000,10.588200,18000,no
22,BUY,0.747532,21:07:23.345892484,yes,15.650000,ask1,500,00:00:00.000037327,0.197845,5.054470,0.621822,2,1,430,3170,6.250000,11.627900,17500,no
23,BUY,1.270723,21:07:23.345892484,yes,15.650000,ask1,400,00:00:00.000045937,0.217629,4.594973,0.621822,2,1,435,3165,6.250000,12.643600,17000,no
24,BUY,0.828082,21:07:23.345892484,yes,15.650000,ask1,400,00:00:00.000035840,0.239392,4.177248,0.621822,2,1,439,3161,6.250000,14.350700,16200,no
25,BUY,0.471395,21:07:23.345892484,yes,15.650000,ask1,300,00:00:00.000038144,0.263331,3.797498,0.621822,2,1,444,3156,6.250000,14.864800,15900,no
26,BUY,-0.054800,21:07:23.345892484,no,-,-,-,-,0.289664,3.452271,0.621822,2,1,449,3151,6.250000,14.699300,15900,no
27,BUY,-0.292849,21:07:23.345892484,no,-,-,-,-,0.318631,3.138428,0.621822,2,1,453,3147,6.250000,14.569500,15900,no
28,BUY,0.482256,21:07:23.345892484,yes,15.660000,ask1,200,00:00:00.000058800,0.350494,2.853117,0.621822,2,1,459,3141,6.250000,14.379000,15900,no
29,BUY,0.731873,21:07:23.345892484,yes,15.650000,ask1,200,00:00:00.000038910,0.385543,2.593742,0.621822,2,1,464,3136,6.250000,14.655100,15700,no
30,BUY,-0.074115,21:07:23.345892484,no,-,-,-,-,0.424098,2.357948,0.621822,2,1,467,3133,6.250000,14.989200,15500,no
31,BUY,0.302449,21:07:23.345892484,yes,15.660000,ask1,200,00:00:00.000036947,0.466507,2.143589,0.621822,2,1,472,3128,6.250000,14.830500,15500,no
32,BUY,0.670647,21:07:23.345892484,yes,15.660000,ask1,100,00:00:00.000043156,0.513158,1.948717,0.621822,2,1,477,3123,6.250000,15.094300,15300,no
33,BUY,0.551314,21:07:23.345892484,yes,15.660000,ask1,100,00:00:00.000036200,0.564474,1.771561,0.621822,2,1,481,3119,6.250000,15.176700,15200,no
34,BUY,0.556714,21:07:23.345892484,yes,15.660000,ask1,100,00:00:00.000038747,0.620921,1.610510,0.621822,2,1,487,3113,6.250000,15.400400,15000,no
35,BUY,-0.016670,21:07:23.345892484,no,-,-,-,-,0.683013,1.464100,0.621822,2,1,489,3111,6.250000,15.337400,15000,no
36,BUY,-0.126492,21:07:23.345892484,no,-,-,-,-,0.751315,1.331000,0.621822,2,1,496,3104,6.250000,15.120900,15000,no
37,BUY,0.193870,21:07:23.345892484,no,-,-,-,-,0.826446,1.210000,0.621822,2,1,501,3099,6.250000,14.970000,15000,no
38,BUY,-0.185975,21:07:23.345892484,no,-,-,-,-,0.909091,1.100000,0.621822,2,1,505,3095,6.250000,14.851400,15000,no
39,BUY,-0.145097,21:07:23.345892484,no,-,-,-,-,1.000000,1.000000,0.621822,2,1,511,3089,6.250000,14.677100,15000,no
40,BUY,0.188719,21:07:23.345892484,no,-,-,-,-,1.100000,0.909091,0.621822,2,1,515,3085,6.250000,14.563100,15000,no
41,BUY,0.558327,21:07:23.345892484,no,-,-,-,-,1.210000,0.826446,0.621822,2,1,521,3079,6.250000,14.395300,15000,no
42,BUY,0.293687,21:07:23.345892484,no,-,-,-,-,1.331000,0.751315,0.621822,2,1,526,3074,6.250000,14.258500,15000,no
43,BUY,0.019105,21:07:23.345892484,no,-,-,-,-,1.464100,0.683013,0.621822,2,1,529,3071,6.250000,14.177600,15000,no
44,BUY,0.105937,21:07:23.345892484,no,-,-,-,-,1.610510,0.620921,0.621822,2,1,536,3064,6.250000,13.992500,15000,no
45,BUY,0.538085,21:07:23.345892484,no,-,-,-,-,1.771561,0.564474,0.621822,2,1,541,3059,6.250000,13.863200,15000,no
46,BUY,0.134680,21:07:23.345892484,no,-,-,-,-,1.948717,0.513158,0.621822,2,1,545,3055,6.250000,13.761400,15000,no
47,BUY,0.065051,21:07:23.345892484,no,-,-,-,-,2.143589,0.466507,0.621822,2,1,550,3050,6.250000,13.636300,15000,no
48,BUY,-0.205858,21:07:23.345892484,no,-,-,-,-,2.357948,0.424098,0.621822,2,1,555,3045,6.250000,13.513500,15000,no
49,BUY,0.086512,21:07:23.345892484,no,-,-,-,-,2.593742,0.385543,0.621822,2,1,560,3040,6.250000,13.392800,15000,no
50,BUY,0.769645,21:07:23.345892484,no,-,-,-,-,2.853117,0.350494,0.621822,2,1,565,3035,6.250000,13.274300,15000,no
51,BUY,0.837328,21:07:23.345892484,no,-,-,-,-,3.138428,0.318631,0.621822,2,1,570,3030,6.250000,13.157800,15000,no
52,BUY,0.448004,21:07:23.345892484,no,-,-,-,-,3.452271,0.289664,0.621822,2,1,576,3024,6.250000,13.020800,15000,no
53,BUY,0.351926,21:07:23.345892484,no,-,-,-,-,3.797498,0.263331,0.621822,2,1,579,3021,6.250000,12.953300,15000,no
54,BUY,0.207108,21:07:23.345892484,no,-,-,-,-,4.177248,0.239392,0.621822,2,1,584,3016,6.250000,12.842400,15000,no
55,BUY,0.405884,21:07:23.345892484,no,-,-,-,-,4.594973,0.217629,0.621822,2,1,589,3011,6.250000,12.733400,15000,no
56,BUY,0.141764,21:07:23.345892484,no,-,-,-,-,5.054470,0.197845,0.621822,2,1,595,3005,6.250000,12.605000,15000,no
57,BUY,0.454115,21:07:23.345892484,no,-,-,-,-,5.054470,0.197845,0.621822,2,1,601,2999,6.250000,12.479200,15000,no
58,BUY,0.197830,21:07:23.345892484,no,-,-,-,-,5.054470,0.197845,0.621822,2,1,606,2994,6.250000,12.376200,15000,no
59,BUY,0.065676,21:07:23.345892484,no,-,-,-,-,5.054470,0.197845,0.621822,2,1,610,2990,6.250000,12.295000,15000,no
60,BUY,-0.210793,21:07:23.345892484,no,-,-,-,-,5.054470,0.197845,0.621822,2,1,616,2984,6.250000,12.175300,15000,no
61,BUY,-0.016496,21:07:23.345892484,no,-,-,-,-,5.054470,0.197845,0.621822,2,1,621,2979,6.250000,12.077200,15000,no
62,BUY,0.258551,21:07:23.345892484,no,-,-,-,-,5.054470,0.197845,0.621822,2,1,627,2973,6.250000,11.961700,15000,no
63,BUY,0.375949,21:07:23.345892484,no,-,-,-,-,5.054470,0.197845,0.621822,2,1,634,2966,6.250000,11.829600,15000,no
64,BUY,0.575074,21:07:23.345892484,no,-,-,-,-,5.054470,0.197845,0.621822,2,1,638,2962,6.250000,11.755400,15000,no
65,BUY,0.355673,21:07:23.345892484,no,-,-,-,-,5.054470,0.197845,0.621822,2,1,642,2958,6.250000,11.682200,15000,no
66,BUY,-0.241558,21:07:23.345892484,no,-,-,-,-,5.054470,0.197845,0.621822,2,1,645,2955,6.250000,11.627900,15000,no
67,BUY,-0.269849,21:07:23.345892484,no,-,-,-,-,5.054470,0.197845,0.621822,2,1,650,2950,6.250000,11.538400,15000,no
68,BUY,-0.252266,21:07:23.345892484,no,-,-,-,-,5.054470,0.197845,0.621822,2,1,656,2944,6.250000,11.432900,15000,no
69,BUY,0.178900,21:07:23.345892484,no,-,-,-,-,5.054470,0.197845,0.621822,2,1,660,2940,6.250000,11.363600,15000,no
70,BUY,0.306337,21:07:23.345892484,no,-,-,-,-,5.054470,0.197845,0.621822,2,1,666,2934,6.250000,11.261200,15000,no
71,BUY,-0.222738,21:07:23.345892484,no,-,-,-,-,5.054470,0.197845,0.621822,2,1,672,2928,6.250000,11.160700,15000,no
72,BUY,0.271214,21:07:23.345892484,no,-,-,-,-,5.054470,0.197845,0.621822,2,1,675,2925,6.250000,11.111100,15000,no
73,BUY,1.355014,21:07:23.345892484,no,-,-,-,-,5.054470,0.197845,0.621822,2,1,681,2919,6.250000,11.013200,15000,no
74,BUY,0.547167,21:07:23.345892484,no,-,-,-,-,5.054470,0.197845,0.621822,2,1,685,2915,6.250000,10.948900,15000,no
75,BUY,0.784246,21:07:23.345892484,no,-,-,-,-,5.054470,0.197845,0.621822,2,1,689,2911,6.250000,10.885300,15000,no
76,BUY,0.094775,21:07:23.345892484,no,-,-,-,-,5.054470,0.197845,0.621822,2,1,697,2903,6.250000,10.760400,15000,no
77,BUY,0.263070,21:07:23.345892484,no,-,-,-,-,5.054470,0.197845,0.621822,2,1,704,2896,6.250000,10.653400,15000,no
78,BUY,1.488859,21:07:23.345892484,no,-,-,-,-,5.054470,0.197845,0.621822,2,1,709,2891,6.250000,10.578200,15000,no
79,BUY,1.076702,21:07:23.345892484,no,-,-,-,-,5.054470,0.197845,0.621822,2,1,714,2886,6.250000,10.504200,15000,no
80,BUY,0.567970,21:07:23.345892484,no,-,-,-,-,5.054470,0.197845,0.621822,2,1,718,2882,6.250000,10.445600,15000,no
81,BUY,0.786749,21:07:23.345892484,no,-,-,-,-,5.054470,0.197845,0.621822,2,1,724,2876,6.250000,10.359100,15000,no
82,BUY,0.704642,21:07:23.345892484,no,-,-,-,-,5.054470,0.197845,0.621822,2,1,728,2872,6.250000,10.302100,15000,no
83,BUY,0.626266,21:07:23.345892484,no,-,-,-,-,5.054470,0.197845,0.621822,2,1,732,2868,6.250000,10.245900,15000,no
84,BUY,0.923950,21:07:23.345892484,no,-,-,-,-,5.054470,0.197845,0.621822,2,1,738,2862,6.250000,10.162600,15000,no
85,BUY,0.490088,21:07:23.345892484,no,-,-,-,-,5.054470,0.197845,0.621822,2,1,742,2858,6.250000,10.107800,15000,no
86,BUY,0.323588,21:07:23.345892484,no,-,-,-,-,5.054470,0.197845,0.621822,2,1,748,2852,6.250000,10.026700,15000,no
87,BUY,1.032550,21:07:23.345892484,no,-,-,-,-,5.054470,0.197845,0.621822,2,1,751,2849,6.250000,9.986600,15000,no
88,BUY,0.472764,21:07:23.345892484,no,-,-,-,-,5.054470,0.197845,0.621822,2,1,757,2843,6.250000,9.907500,15000,no
89,BUY,0.484198,21:07:23.345892484,no,-,-,-,-,5.054470,0.197845,0.621822,2,1,763,2837,6.250000,9.829600,15000,no
90,BUY,0.501709,21:07:23.345892484,no,-,-,-,-,5.054470,0.197845,0.621822,2,1,767,2833,6.250000,9.778300,15000,no
91,BUY,0.930538,21:07:23.345892484,no,-,-,-,-,5.054470,0.197845,0.621822,2,1,772,2828,6.250000,9.715000,15000,no
92,BUY,0.414386,21:07:23.345892484,no,-,-,-,-,5.054470,0.197845,0.621822,2,1,777,2823,6.250000,9.652500,15000,no
93,BUY,-0.022123,21:07:23.345892484,no,-,-,-,-,5.054470,0.197845,0.621822,2,1,783,2817,6.250000,9.578500,15000,no
94,BUY,-0.032521,21:07:23.345892484,no,-,-,-,-,5.054470,0.197845,0.621822,2,1,787,2813,6.250000,9.529800,15000,no
95,BUY,-0.141332,21:07:23.345892484,no,-,-,-,-,5.054470,0.197845,0.621822,2,1,791,2809,6.250000,9.481600,15000,no
96,BUY,0.095224,21:07:23.345892484,no,-,-,-,-,5.054470,0.197845,0.621822,2,1,797,2803,6.250000,9.410200,15000,no
97,BUY,-0.043693,21:07:23.345892484,no,-,-,-,-,5.054470,0.197845,0.621822,2,1,801,2799,6.250000,9.363200,15000,no
98,BUY,-0.051021,21:07:23.345892484,no,-,-,-,-,5.054470,0.197845,0.621822,2,1,806,2794,6.250000,9.305200,15000,no
99,BUY,-0.194412,21:07:23.345892484,no,-,-,-,-,5.054470,0.197845,0.621822,2,1,811,2789,6.250000,9.247800,15000,no
100,BUY,1.157561,21:07:23.345892484,no,-,-,-,-,5.054470,0.197845,0.621822,2,1,817,2783,6.250000,9.179900,15000,no
101,BUY,1.501142,21:07:23.345892484,no,-,-,-,-,5.054470,0.197845,0.621822,2,1,821,2779,6.250000,9.135200,15000,no
102,BUY,0.920636,21:07:23.345892484,no,-,-,-,-,5.054470,0.197845,0.621822,2,1,825,2775,6.250000,9.090900,15000,no
103,BUY,-0.152334,21:07:23.345892484,no,-,-,-,-,5.054470,0.197845,0.621822,2,1,830,2770,6.250000,9.036100,15000,no
104,BUY,0.178394,21:07:23.345892484,no,-,-,-,-,5.054470,0.197845,0.621822,2,1,835,2765,6.250000,8.982000,15000,no
105,BUY,0.807696,21:07:23.345892484,no,-,-,-,-,5.054470,0.197845,0.621822,2,1,838,2762,6.250000,8.949800,15000,no
106,BUY,0.266528,21:07:23.345892484,no,-,-,-,-,5.054470,0.197845,0.621822,2,1,844,2756,6.250000,8.886200,15000,no
107,BUY,0.545536,21:07:23.345892484,no,-,-,-,-,5.054470,0.197845,0.621822,2,1,849,2751,6.250000,8.833900,15000,no
108,BUY,0.289011,21:07:23.345892484,no,-,-,-,-,5.054470,0.197845,0.621822,2,1,854,2746,6.250000,8.782200,15000,no
109,BUY,0.448571,21:07:23.345892484,no,-,-,-,-,5.054470,0.197845,0.621822,2,1,859,2741,6.250000,8.731000,15000,no
110,BUY,0.812520,21:07:23.345892484,no,-,-,-,-,5.054470,0.197845,0.621822,2,1,863,2737,6.250000,8.690600,15000,no
111,BUY,1.159091,21:07:23.345892484,no,-,-,-,-,5.054470,0.197845,0.621822,2,1,868,2732,6.250000,8.640500,15000,no
112,BUY,1.412514,21:07:23.345892484,no,-,-,-,-,5.054470,0.197845,0.621822,2,1,873,2727,6.250000,8.591000,15000,no
113,BUY,1.619914,21:07:23.345892484,no,-,-,-,-,5.054470,0.197845,0.621822,2,1,877,2723,6.250000,8.551800,15000,no
114,BUY,1.339140,21:07:23.345892484,no,-,-,-,-,5.054470,0.197845,0.621822,2,1,883,2717,6.250000,8.493700,15000,no
115,BUY,0.659815,21:07:23.345892484,no,-,-,-,-,5.054470,0.197845,0.621822,2,1,887,2713,6.250000,8.455400,15000,no
116,BUY,0.521924,21:07:23.345892484,no,-,-,-,-,5.054470,0.197845,0.621822,2,1,893,2707,6.250000,8.398600,15000,no
117,BUY,0.404446,21:07:23.345892484,no,-,-,-,-,5.054470,0.197845,0.621822,2,1,898,2702,6.250000,8.351800,15000,no
118,BUY,0.366860,21:07:23.345892484,no,-,-,-,-,5.054470,0.197845,0.621822,2,1,904,2696,6.250000,8.296400,15000,no
119,BUY,0.553340,21:07:23.345892484,no,-,-,-,-,5.054470,0.197845,0.621822,2,1,908,2692,6.250000,8.259900,15000,no
120,BUY,0.174084,21:07:23.345892484,no,-,-,-,-,5.054470,0.197845,0.621822,2,1,1191,2409,6.250000,6.297200,15000,no
121,BUY,0.113765,21:07:23.345892484,no,-,-,-,-,5.054470,0.197845,0.621822,2,1,1196,2404,6.250000,6.270900,15000,no
122,BUY,0.280042,21:07:23.345892484,no,-,-,-,-,4.594973,0.217629,0.621822,2,1,1202,2398,6.250000,6.239600,15000,no
123,BUY,0.666819,21:07:23.345892484,no,-,-,-,-,4.177248,0.239392,0.621822,2,1,1207,2393,6.250000,6.213700,15000,no
124,BUY,0.418749,21:07:23.345892484,no,-,-,-,-,3.797498,0.263331,0.621822,2,1,1215,2385,6.250000,6.172800,15000,no
125,BUY,0.418908,21:07:23.345892484,no,-,-,-,-,3.452271,0.289664,0.621822,2,1,1220,2380,6.250000,6.147500,15000,no
126,BUY,-0.136652,21:07:23.345892484,no,-,-,-,-,3.138428,0.318631,0.621822,2,1,1228,2372,6.250000,6.107400,15000,no
127,BUY,0.137056,21:07:23.345892484,no,-,-,-,-,2.853117,0.350494,0.621822,2,1,1232,2368,6.250000,6.087600,15000,no
128,BUY,0.633812,21:07:23.345892484,no,-,-,-,-,2.593742,0.385543,0.621822,2,1,1236,2364,6.250000,6.067900,15000,no
129,BUY,0.311796,21:07:23.345892484,no,-,-,-,-,2.357948,0.424098,0.621822,2,1,1243,2357,6.250000,6.033700,15000,no
130,BUY,0.843043,21:07:23.345892484,no,-,-,-,-,2.143589,0.466507,0.621822,2,1,1250,2350,6.250000,6.000000,15000,no
131,BUY,0.731748,21:07:23.345892484,no,-,-,-,-,1.948717,0.513158,0.621822,2,1,1255,2345,6.250000,5.976000,15000,no
132,BUY,1.038570,21:07:23.345892484,no,-,-,-,-,1.771561,0.564474,0.621822,2,1,1259,2341,6.250000,5.957100,15000,no
133,BUY,2.378426,21:07:23.345892484,no,-,-,-,-,1.610510,0.620921,0.621822,2,1,1266,2334,6.250000,5.924100,15000,no
134,BUY,1.551090,21:07:23.345892484,no,-,-,-,-,1.464100,0.683013,0.621822,2,1,1271,2329,6.250000,5.900800,15000,no
135,BUY,1.761185,21:07:23.345892484,no,-,-,-,-,1.331000,0.751315,0.621822,2,1,1277,2323,6.250000,5.873100,15000,no
136,BUY,1.904147,21:07:23.345892484,no,-,-,-,-,1.210000,0.826446,0.621822,2,1,1284,2316,6.250000,5.841100,15000,no
137,BUY,1.654399,21:07:23.345892484,no,-,-,-,-,1.100000,0.909091,0.621822,2,1,1291,2309,6.250000,5.809400,15000,no
138,BUY,2.341094,21:07:23.345892484,no,-,-,-,-,1.000000,1.000000,0.621822,2,1,1298,2302,6.250000,5.778100,15000,no
139,BUY,1.895454,21:07:23.345892484,yes,15.570000,ask1,100,00:00:00.000037536,0.909091,1.100000,0.621822,2,1,1301,2299,6.250000,5.764700,15000,no
140,BUY,1.892099,21:07:23.345892484,yes,15.570000,ask1,100,00:00:00.000035447,0.826446,1.210000,0.621822,2,1,1308,2292,6.250000,5.733900,15000,no
141,BUY,1.856869,21:07:23.345892484,yes,15.560000,ask1,100,00:00:00.000036690,0.751315,1.331000,0.621822,2,1,1314,2286,6.250000,5.707700,15000,no
142,BUY,1.757262,21:07:23.345892484,yes,15.560000,ask1,100,00:00:00.000035928,0.683013,1.464100,0.621822,2,1,1319,2281,6.250000,5.686100,15000,no
143,BUY,1.117548,21:07:23.345892484,yes,15.550000,ask1,100,00:00:00.000039687,0.620921,1.610510,0.621822,2,1,1327,2273,6.250000,5.651800,15000,no
144,BUY,1.475867,21:07:23.345892484,yes,15.540000,ask1,100,00:00:00.000036815,0.564474,1.771561,0.621822,2,1,1333,2267,6.250000,5.626400,15000,no
145,BUY,1.832369,21:07:23.345892484,yes,15.530000,ask1,100,00:00:00.000038762,0.513158,1.948717,0.621822,2,1,1339,2261,6.250000,5.601100,15000,no
146,BUY,2.103088,21:07:23.345892484,yes,15.530000,ask1,200,00:00:00.000035746,0.466507,2.143589,0.621822,2,1,1343,2257,6.250000,5.584500,15000,no
147,BUY,1.328194,21:07:23.345892484,yes,15.530000,ask1,200,00:00:00.000037618,0.424098,2.357948,0.621822,2,1,1348,2252,6.250000,5.563700,15000,no
148,BUY,1.946900,21:07:23.345892484,yes,15.520000,ask1,200,00:00:00.000037790,0.385543,2.593742,0.621822,2,1,1353,2247,6.250000,5.543200,15000,no
149,BUY,1.968095,21:07:23.345892484,yes,15.530000,ask1,200,00:00:00.000036849,0.350494,2.853117,0.621822,2,1,1357,2243,6.250000,5.526800,15000,no
150,BUY,1.484816,21:07:23.345892484,yes,15.550000,ask1,300,00:00:00.000036250,0.318631,3.138428,0.621822,2,1,1362,2238,6.250000,5.506600,15000,no
151,BUY,1.018624,21:07:23.345892484,yes,15.550000,ask1,300,00:00:00.000036351,0.289664,3.452271,0.621822,2,1,1368,2232,6.250000,5.482400,15000,no
152,BUY,-0.214745,21:07:23.345892484,no,-,-,-,-,0.263331,3.797498,0.621822,2,1,1374,2226,6.250000,5.458500,15000,no
153,BUY,0.963619,21:07:23.345892484,yes,15.550000,ask1,400,00:00:00.000036769,0.239392,4.177248,0.621822,2,1,1380,2220,6.250000,5.434700,15000,no
154,BUY,0.840837,21:07:23.345892484,yes,15.560000,ask1,400,00:00:00.000036873,0.217629,4.594973,0.621822,2,1,1385,2215,6.250000,5.415100,15000,no
155,BUY,0.800755,21:07:23.345892484,yes,15.560000,ask1,500,00:00:00.000038804,0.197845,5.054470,0.621822,2,1,1390,2210,6.250000,5.395600,15000,no
156,BUY,0.230187,21:07:23.345892484,yes,15.560000,ask1,500,00:00:00.000036919,0.179859,5.559917,0.621822,2,1,1395,2205,6.250000,5.376300,15000,no
157,BUY,0.083643,21:07:23.345892484,no,-,-,-,-,0.163508,6.115909,0.621822,2,1,1399,2201,6.250000,5.360900,15000,no
158,BUY,-0.521303,21:07:23.345892484,no,-,-,-,-,0.148644,6.727500,0.621822,2,1,1404,2196,6.250000,5.341800,15000,no
159,BUY,-0.931559,21:07:23.345892484,no,-,-,-,-,0.135131,7.400250,0.621822,2,1,1408,2192,6.250000,5.326700,15000,no
160,BUY,0.061360,21:07:23.345892484,no,-,-,-,-,0.122846,8.140275,0.621822,2,1,1414,2186,6.250000,5.304100,15000,no
161,BUY,-0.247523,21:07:23.345892484,no,-,-,-,-,0.111678,8.954302,0.621822,2,1,1416,2184,6.250000,5.296600,15000,no
162,BUY,-0.192917,21:07:23.345892484,no,-,-,-,-,0.101526,9.849733,0.621822,2,1,1419,2181,6.250000,5.285400,15000,no
163,BUY,-0.700932,21:07:23.345892484,no,-,-,-,-,0.100000,10.000000,0.621822,2,1,1422,2178,6.250000,5.274200,15000,no
164,BUY,0.475709,21:07:23.345892484,yes,15.550000,ask1,1000,00:00:00.000035944,0.100000,10.000000,0.621822,2,1,1426,2174,6.250000,5.259400,15000,no
165,BUY,-0.532213,21:07:23.345892484,no,-,-,-,-,0.100000,10.000000,0.621822,2,1,1431,2169,6.250000,5.241000,15000,no
166,BUY,-0.764535,21:07:23.345892484,no,-,-,-,-,0.100000,10.000000,0.621822,2,1,1437,2163,6.250000,5.219200,15000,no
167,BUY,-1.016807,21:07:23.345892484,no,-,-,-,-,0.100000,10.000000,0.621822,2,1,1441,2159,6.250000,5.204700,15000,no
168,BUY,-1.555089,21:07:23.345892484,no,-,-,-,-,0.100000,10.000000,0.621822,2,1,1448,2152,6.250000,5.179500,15000,no
169,BUY,-1.105820,21:07:23.345892484,no,-,-,-,-,0.100000,10.000000,0.621822,2,1,1452,2148,6.250000,5.165200,15000,no
170,BUY,0.155012,21:07:23.345892484,yes,15.530000,ask1,1000,00:00:00.000045062,0.100000,10.000000,0.621822,2,1,1456,2144,6.250000,5.151000,15000,no
171,BUY,0.589916,21:07:23.345892484,yes,15.530000,ask1,1000,00:00:00.000035885,0.100000,10.000000,0.621822,2,1,1460,2140,6.250000,5.136900,15000,no
172,BUY,0.902468,21:07:23.345892484,yes,15.530000,ask1,1000,00:00:00.000037101,0.100000,10.000000,0.621822,2,1,1466,2134,6.250000,5.115900,15000,no
173,BUY,0.914209,21:07:23.345892484,yes,15.530000,ask1,1000,00:00:00.000034353,0.100000,10.000000,0.621822,2,1,1470,2130,6.250000,5.102000,15000,no
174,BUY,0.792346,21:07:23.345892484,yes,15.540000,ask1,1000,00:00:00.000034609,0.100000,10.000000,0.621822,2,1,1475,2125,6.250000,5.084700,15000,no
175,BUY,1.167808,21:07:23.345892484,yes,15.550000,ask1,1000,00:00:00.000036703,0.100000,10.000000,0.621822,2,1,1479,2121,6.250000,5.070900,15000,no
176,BUY,2.070400,21:07:23.345892484,yes,15.550000,ask1,1000,00:00:00.000036148,0.100000,10.000000,0.621822,2,1,1484,2116,6.250000,5.053900,15000,no
177,BUY,1.432150,21:07:23.345892484,yes,15.550000,ask1,1000,00:00:00.000035883,0.100000,10.000000,0.621822,2,1,1489,2111,6.250000,5.036900,15000,no
178,BUY,0.563184,21:07:23.345892484,yes,15.530000,ask1,1000,00:00:00.000036109,0.100000,10.000000,0.621822,2,1,1494,2106,6.250000,5.020000,15000,no
179,BUY,0.824807,21:07:23.345892484,yes,15.530000,ask1,1000,00:00:00.000042144,0.100000,10.000000,0.621822,2,1,1501,2099,6.250000,4.996600,15000,no
180,BUY,1.175377,21:07:23.345892484,yes,15.530000,ask1,1000,00:00:00.000037110,0.100000,10.000000,0.621822,2,1,1506,2094,6.250000,4.980000,15000,no
181,BUY,1.461337,21:07:23.345892484,yes,15.530000,ask1,1000,00:00:00.000038079,0.100000,10.000000,0.621822,2,1,1511,2089,6.250000,4.963600,15000,no
182,BUY,1.457529,21:07:23.345892484,yes,15.530000,ask1,1000,00:00:00.000034207,0.100000,10.000000,0.621822,2,1,1516,2084,6.250000,4.947200,15000,no
183,BUY,0.781794,21:07:23.345892484,yes,15.530000,ask1,1000,00:00:00.000036454,0.100000,10.000000,0.621822,2,1,1522,2078,6.250000,4.927700,15000,no
184,BUY,0.224774,21:07:23.345892484,yes,15.530000,ask1,1000,00:00:00.000035566,0.100000,10.000000,0.621822,2,1,1525,2075,6.250000,4.918000,15000,no
185,BUY,0.048267,21:07:23.345892484,no,-,-,-,-,0.100000,10.000000,0.621822,2,1,1530,2070,6.250000,4.901900,15000,no
186,BUY,0.850606,21:07:23.345892484,yes,15.530000,ask1,1000,00:00:00.000034590,0.100000,10.000000,0.621822,2,1,1535,2065,6.250000,4.885900,15000,no
187,BUY,1.030714,21:07:23.345892484,yes,15.520000,ask1,1000,00:00:00.000035508,0.100000,10.000000,0.621822,2,1,1543,2057,6.250000,4.860600,15000,no
188,BUY,0.772068,21:07:23.345892484,yes,15.520000,ask1,1000,00:00:00.000036946,0.100000,10.000000,0.621822,2,1,1546,2054,6.250000,4.851200,15000,no
189,BUY,0.572540,21:07:23.345892484,yes,15.520000,ask1,1000,00:00:00.000036877,0.100000,10.000000,0.621822,2,1,1549,2051,6.250000,4.841800,15000,no
190,BUY,-0.248963,21:07:23.345892484,no,-,-,-,-,0.100000,10.000000,0.621822,2,1,1553,2047,6.250000,4.829300,15000,no
191,BUY,0.448415,21:07:23.345892484,yes,15.500000,ask1,1000,00:00:00.000038147,0.100000,10.000000,0.621822,2,1,1560,2040,6.250000,4.807600,15000,no
192,BUY,1.277275,21:07:23.345892484,yes,15.510000,ask1,1000,00:00:00.000068177,0.100000,10.000000,0.621822,2,1,1564,2036,6.250000,4.795300,15000,no
193,BUY,2.009220,21:07:23.345892484,yes,15.500000,ask1,1000,00:00:00.000039293,0.100000,10.000000,0.621822,2,1,1569,2031,6.250000,4.780100,15000,no
194,BUY,1.891948,21:07:23.345892484,yes,15.500000,ask1,1000,00:00:00.000036184,0.100000,10.000000,0.621822,2,1,1574,2026,6.250000,4.764900,15000,no
195,BUY,1.132855,21:07:23.345892484,yes,15.510000,ask1,1000,00:00:00.000040073,0.100000,10.000000,0.621822,2,1,1580,2020,6.250000,4.746800,15000,no
196,BUY,0.122393,21:07:23.345892484,yes,15.520000,ask1,1000,00:00:00.000037382,0.100000,10.000000,0.621822,2,1,1585,2015,6.250000,4.731800,15000,no
197,BUY,-0.420935,21:07:23.345892484,no,-,-,-,-,0.100000,10.000000,0.621822,2,1,1590,2010,6.250000,4.716900,15000,no
198,BUY,0.050536,21:07:23.345892484,no,-,-,-,-,0.100000,10.000000,0.621822,2,1,1593,2007,6.250000,4.708000,15000,no
199,BUY,-0.711206,21:07:23.345892484,no,-,-,-,-,0.100000,10.000000,0.621822,2,1,1599,2001,6.250000,4.690400,15000,no
200,BUY,0.801304,21:07:23.345892484,yes,15.500000,ask1,1000,00:00:00.000037327,0.100000,10.000000,0.621822,2,1,1604,1996,6.250000,4.675800,15000,no
201,BUY,0.501682,21:07:23.345892484,yes,15.520000,ask1,1000,00:00:00.000044812,0.100000,10.000000,0.621822,2,1,1607,1993,6.250000,4.667000,15000,no
202,BUY,0.330942,21:07:23.345892484,yes,15.520000,ask1,1000,00:00:00.000035974,0.100000,10.000000,0.621822,2,1,1612,1988,6.250000,4.652600,15000,no
203,BUY,1.257546,21:07:23.345892484,yes,15.530000,ask1,1000,00:00:00.000037014,0.100000,10.000000,0.621822,2,1,1617,1983,6.250000,4.638200,15000,no
204,BUY,1.207113,21:07:23.345892484,yes,15.530000,ask1,1000,00:00:00.000037162,0.100000,10.000000,0.621822,2,1,1622,1978,6.250000,4.623900,15000,no
205,BUY,1.063917,21:07:23.345892484,yes,15.520000,ask1,1000,00:00:00.000036068,0.100000,10.000000,0.621822,2,1,1626,1974,6.250000,4.612500,15000,no
206,BUY,0.592067,21:07:23.345892484,yes,15.530000,ask1,1000,00:00:00.000036296,0.100000,10.000000,0.621822,2,1,1633,1967,6.250000,4.592700,15000,no
207,BUY,0.020491,21:07:23.345892484,no,-,-,-,-,0.100000,10.000000,0.621822,2,1,1638,1962,6.250000,4.578700,15000,no
208,BUY,1.819873,21:07:23.345892484,yes,15.500000,ask1,1000,00:00:00.000036339,0.100000,10.000000,0.621822,2,1,1643,1957,6.250000,4.564800,15000,no
209,BUY,1.531915,21:07:23.345892484,yes,15.500000,ask1,1000,00:00:00.000035919,0.100000,10.000000,0.621822,2,1,1646,1954,6.250000,4.556500,15000,no
210,BUY,0.483607,21:07:23.345892484,yes,15.530000,ask1,1000,00:00:00.000037486,0.100000,10.000000,0.621822,2,1,1649,1951,6.250000,4.548200,15000,no
211,BUY,0.034797,21:07:23.345892484,no,-,-,-,-,0.100000,10.000000,0.621822,2,1,1655,1945,6.250000,4.531700,15000,no
212,BUY,-0.533219,21:07:23.345892484,no,-,-,-,-,0.100000,10.000000,0.621822,2,1,1658,1942,6.250000,4.523500,15000,no
213,BUY,-0.053957,21:07:23.345892484,no,-,-,-,-,0.100000,10.000000,0.621822,2,1,1663,1937,6.250000,4.509900,15000,no
214,BUY,0.096261,21:07:23.345892484,yes,15.520000,ask1,1000,00:00:00.000034823,0.100000,10.000000,0.621822,2,1,1667,1933,6.250000,4.499100,15000,no
215,BUY,0.538872,21:07:23.345892484,yes,15.520000,ask1,1000,00:00:00.000035585,0.100000,10.000000,0.621822,2,1,1670,1930,6.250000,4.491000,15000,no
216,BUY,-0.256030,21:07:23.345892484,no,-,-,-,-,0.100000,10.000000,0.621822,2,1,1675,1925,6.250000,4.477600,15000,no
217,BUY,-0.854331,21:07:23.345892484,yes,15.630000,bid1,15000,00:00:00.000026067,0.100000,10.000000,0.621822,2,1,4929,-1329,6.250000,1.521600,15000,yes
218,BUY,-1.557504,21:07:23.345892484,yes,15.640000,bid1,15000,00:00:00.000032158,0.100000,10.000000,0.621822,2,1,4936,-1336,6.250000,1.519400,15000,yes
219,BUY,-2.105100,21:07:23.345892484,yes,15.640000,bid1,15000,00:00:00.000025494,0.100000,10.000000,0.621822,2,1,4943,-1343,6.250000,1.517200,15000,yes
220,BUY,-2.031152,21:07:23.345892484,yes,15.640000,bid1,15000,00:00:00.000025513,0.100000,10.000000,0.621822,2,1,4948,-1348,6.250000,1.515700,15000,yes
221,BUY,-2.318826,21:07:23.345892484,yes,15.640000,bid1,15000,00:00:00.000025282,0.100000,10.000000,0.621822,2,1,4956,-1356,6.250000,1.513300,15000,yes
222,BUY,-1.407345,21:07:23.345892484,yes,15.640000,bid1,15000,00:00:00.000024599,0.100000,10.000000,0.621822,2,1,4961,-1361,6.250000,1.511700,15000,yes
223,BUY,-1.170847,21:07:23.345892484,yes,15.640000,bid1,15000,00:00:00.000030001,0.100000,10.000000,0.621822,2,1,4967,-1367,6.250000,1.509900,15000,yes
224,BUY,-0.535705,21:07:23.345892484,yes,15.640000,bid1,15000,00:00:00.000024771,0.100000,10.000000,0.621822,2,1,4974,-1374,6.250000,1.507800,15000,yes
225,BUY,1.885445,21:07:23.345892484,yes,15.650000,ask1,15000,00:00:00.000024086,0.100000,10.000000,0.621822,2,1,4979,-1379,6.250000,1.506300,15000,yes
226,BUY,-1.194275,21:07:23.345892484,yes,15.630000,bid1,15000,00:00:00.000025843,0.100000,10.000000,0.621822,2,1,4985,-1385,6.250000,1.504500,15000,yes
227,BUY,0.407132,21:07:23.345892484,yes,15.640000,ask1,15000,00:00:00.000025375,0.100000,10.000000,0.621822,2,1,4993,-1393,6.250000,1.502100,15000,yes
228,BUY,-1.195450,21:07:23.345892484,yes,15.630000,bid1,15000,00:00:00.000025266,0.100000,10.000000,0.621822,2,1,4999,-1399,6.250000,1.500300,15000,yes
229,BUY,-0.372485,21:07:23.345892484,yes,15.610000,bid1,15000,00:00:00.000023884,0.100000,10.000000,0.621822,2,1,5006,-1406,6.250000,1.498200,15000,yes
230,BUY,0.891539,21:07:23.345892484,yes,15.630000,ask1,15000,00:00:00.000025636,0.100000,10.000000,0.621822,2,1,5011,-1411,6.250000,1.496700,15000,yes
231,BUY,0.722116,21:07:23.345892484,yes,15.630000,ask1,15000,00:00:00.000025361,0.100000,10.000000,0.621822,2,1,5016,-1416,6.250000,1.495200,15000,yes
232,BUY,-0.381423,21:07:23.345892484,yes,15.620000,bid1,15000,00:00:00.000026257,0.100000,10.000000,0.621822,2,1,5021,-1421,6.250000,1.493700,15000,yes
233,BUY,0.226172,21:07:23.345892484,yes,15.630000,ask1,15000,00:00:00.000025876,0.100000,10.000000,0.621822,2,1,5027,-1427,6.250000,1.491900,15000,yes
234,BUY,-0.130112,21:07:23.345892484,yes,15.620000,bid1,15000,00:00:00.000025463,0.100000,10.000000,0.621822,2,1,5032,-1432,6.250000,1.490400,15000,yes
235,BUY,0.367622,21:07:23.345892484,yes,15.630000,ask1,15000,00:00:00.000024828,0.100000,10.000000,0.621822,2,1,5036,-1436,6.250000,1.489200,15000,yes
236,BUY,0.722587,21:07:23.345892484,yes,15.630000,ask1,15000,00:00:00.000025092,0.100000,10.000000,0.621822,2,1,5042,-1442,6.250000,1.487500,15000,yes
237,BUY,0.681998,21:07:23.345892484,yes,15.620000,ask1,15000,00:00:00.000025799,0.100000,10.000000,0.621822,2,1,5049,-1449,6.250000,1.485400,15000,yes
238,BUY,1.239906,21:07:23.345892484,yes,15.620000,ask1,15000,00:00:00.000024438,0.100000,10.000000,0.621822,2,1,5054,-1454,6.250000,1.483900,15000,yes
239,BUY,0.908468,21:07:23.345892484,yes,15.620000,ask1,15000,00:00:00.000024778,0.100000,10.000000,0.621822,2,1,5059,-1459,6.250000,1.482500,15000,yes
240,BUY,1.643826,21:07:23.345892484,yes,15.610000,ask1,15000,00:00:00.000024910,0.100000,10.000000,0.621822,2,1,5064,-1464,6.250000,1.481000,15000,yes
241,BUY,2.669033,21:07:23.345892484,yes,15.610000,ask1,15000,00:00:00.000024960,0.100000,10.000000,0.621822,2,1,5069,-1469,6.250000,1.479500,15000,yes
242,BUY,0.555913,21:07:23.345892484,yes,15.610000,ask1,15000,00:00:00.000025562,0.100000,10.000000,0.621822,2,1,5072,-1472,6.250000,1.478700,15000,yes
243,BUY,1.450235,21:07:23.345892484,yes,15.610000,ask1,7500,00:00:00.000026533,0.100000,10.000000,0.621822,2,1,5075,-1475,6.250000,2.955600,7500,yes
