轮数,方向,预测值,算法开始时间,是否下单,下单价格,档位,下单量,下单耗时(从预测到下单),r1,r2,std,freq,qty_scalar,经过时间,剩余时间,目标速度,实际速度,剩余量,是否为最后一轮
1,SELL,0.952173,21:07:23.346081318,no,-,-,-,-,0.909091,1.100000,0.623628,2,1,331,3269,2.500000,0.000000,9000,no
2,SELL,1.400823,21:07:23.346081318,no,-,-,-,-,0.826446,1.210000,0.623628,2,1,335,3265,2.500000,0.000000,9000,no
3,SELL,1.621142,21:07:23.346081318,no,-,-,-,-,0.751315,1.331000,0.623628,2,1,340,3260,2.500000,0.000000,9000,no
4,SELL,0.327099,21:07:23.346081318,no,-,-,-,-,0.683013,1.464100,0.623628,2,1,344,3256,2.500000,0.000000,9000,no
5,SELL,1.302273,21:07:23.346081318,no,-,-,-,-,0.620921,1.610510,0.623628,2,1,349,3251,2.500000,0.000000,9000,no
6,SELL,0.657830,21:07:23.346081318,no,-,-,-,-,0.564474,1.771561,0.623628,2,1,355,3245,2.500000,0.000000,9000,no
7,SELL,1.831326,21:07:23.346081318,no,-,-,-,-,0.513158,1.948717,0.623628,2,1,360,3240,2.500000,0.000000,9000,no
8,SELL,0.488856,21:07:23.346081318,no,-,-,-,-,0.466507,2.143589,0.623628,2,1,364,3236,2.500000,0.000000,9000,no
9,SELL,0.735281,21:07:23.346081318,no,-,-,-,-,0.424098,2.357948,0.623628,2,1,368,3232,2.500000,0.000000,9000,no
10,SELL,1.014801,21:07:23.346081318,no,-,-,-,-,0.385543,2.593742,0.623628,2,1,373,3227,2.500000,0.000000,9000,no
11,SELL,1.212632,21:07:23.346081318,no,-,-,-,-,0.350494,2.853117,0.623628,2,1,378,3222,2.500000,0.000000,9000,no
12,SELL,1.646055,21:07:23.346081318,no,-,-,-,-,0.318631,3.138428,0.623628,2,1,382,3218,2.500000,0.000000,9000,no
13,SELL,1.992999,21:07:23.346081318,no,-,-,-,-,0.289664,3.452271,0.623628,2,1,388,3212,2.500000,0.000000,9000,no
14,SELL,1.573385,21:07:23.346081318,no,-,-,-,-,0.263331,3.797498,0.623628,2,1,393,3207,2.500000,0.000000,9000,no
15,SELL,1.330303,21:07:23.346081318,no,-,-,-,-,0.239392,4.177248,0.623628,2,1,398,3202,2.500000,0.000000,9000,no
16,SELL,1.370029,21:07:23.346081318,no,-,-,-,-,0.217629,4.594973,0.623628,2,1,405,3195,2.500000,0.000000,9000,no
17,SELL,1.784193,21:07:23.346081318,no,-,-,-,-,0.197845,5.054470,0.623628,2,1,409,3191,2.500000,0.000000,9000,no
18,SELL,0.722713,21:07:23.346081318,no,-,-,-,-,0.179859,5.559917,0.623628,2,1,412,3188,2.500000,0.000000,9000,no
19,SELL,0.800534,21:07:23.346081318,no,-,-,-,-,0.163508,6.115909,0.623628,2,1,415,3185,2.500000,0.000000,9000,no
20,SELL,1.265511,21:07:23.346081318,no,-,-,-,-,0.148644,6.727500,0.623628,2,1,420,3180,2.500000,0.000000,9000,no
21,SELL,1.145114,21:07:23.346081318,no,-,-,-,-,0.135131,7.400250,0.623628,2,1,425,3175,2.500000,0.000000,9000,no
22,SELL,0.967545,21:07:23.346081318,no,-,-,-,-,0.122846,8.140275,0.623628,2,1,429,3171,2.500000,0.000000,9000,no
23,SELL,0.479113,21:07:23.346081318,no,-,-,-,-,0.111678,8.954302,0.623628,2,1,434,3166,2.500000,0.000000,9000,no
24,SELL,0.305969,21:07:23.346081318,no,-,-,-,-,0.101526,9.849733,0.623628,2,1,439,3161,2.500000,0.000000,9000,no
25,SELL,1.485430,21:07:23.346081318,no,-,-,-,-,0.100000,10.000000,0.623628,2,1,444,3156,2.500000,0.000000,9000,no
26,SELL,1.770653,21:07:23.346081318,no,-,-,-,-,0.100000,10.000000,0.623628,2,1,449,3151,2.500000,0.000000,9000,no
27,SELL,0.633531,21:07:23.346081318,no,-,-,-,-,0.100000,10.000000,0.623628,2,1,453,3147,2.500000,0.000000,9000,no
28,SELL,0.365553,21:07:23.346081318,no,-,-,-,-,0.100000,10.000000,0.623628,2,1,459,3141,2.500000,0.000000,9000,no
29,SELL,1.034017,21:07:23.346081318,no,-,-,-,-,0.100000,10.000000,0.623628,2,1,464,3136,2.500000,0.000000,9000,no
30,SELL,1.481824,21:07:23.346081318,no,-,-,-,-,0.100000,10.000000,0.623628,2,1,467,3133,2.500000,0.000000,9000,no
31,SELL,1.700805,21:07:23.346081318,no,-,-,-,-,0.100000,10.000000,0.623628,2,1,472,3128,2.500000,0.000000,9000,no
32,SELL,1.721162,21:07:23.346081318,no,-,-,-,-,0.100000,10.000000,0.623628,2,1,477,3123,2.500000,0.000000,9000,no
33,SELL,0.766290,21:07:23.346081318,no,-,-,-,-,0.100000,10.000000,0.623628,2,1,481,3119,2.500000,0.000000,9000,no
34,SELL,0.990658,21:07:23.346081318,no,-,-,-,-,0.100000,10.000000,0.623628,2,1,487,3113,2.500000,0.000000,9000,no
35,SELL,2.243475,21:07:23.346081318,no,-,-,-,-,0.100000,10.000000,0.623628,2,1,489,3111,2.500000,0.000000,9000,no
36,SELL,1.384714,21:07:23.346081318,no,-,-,-,-,0.100000,10.000000,0.623628,2,1,496,3104,2.500000,0.000000,9000,no
37,SELL,0.992772,21:07:23.346081318,no,-,-,-,-,0.100000,10.000000,0.623628,2,1,501,3099,2.500000,0.000000,9000,no
38,SELL,0.751321,21:07:23.346081318,no,-,-,-,-,0.100000,10.000000,0.623628,2,1,505,3095,2.500000,0.000000,9000,no
39,SELL,0.913263,21:07:23.346081318,no,-,-,-,-,0.100000,10.000000,0.623628,2,1,509,3091,2.500000,0.000000,9000,no
40,SELL,1.187024,21:07:23.346081318,no,-,-,-,-,0.100000,10.000000,0.623628,2,1,515,3085,2.500000,0.000000,9000,no
41,SELL,1.319711,21:07:23.346081318,no,-,-,-,-,0.100000,10.000000,0.623628,2,1,521,3079,2.500000,0.000000,9000,no
42,SELL,1.036394,21:07:23.346081318,no,-,-,-,-,0.100000,10.000000,0.623628,2,1,524,3076,2.500000,0.000000,9000,no
43,SELL,0.514478,21:07:23.346081318,no,-,-,-,-,0.100000,10.000000,0.623628,2,1,529,3071,2.500000,0.000000,9000,no
44,SELL,0.370000,21:07:23.346081318,no,-,-,-,-,0.100000,10.000000,0.623628,2,1,535,3065,2.500000,0.000000,9000,no
45,SELL,0.439319,21:07:23.346081318,no,-,-,-,-,0.100000,10.000000,0.623628,2,1,541,3059,2.500000,0.000000,9000,no
46,SELL,1.198308,21:07:23.346081318,no,-,-,-,-,0.100000,10.000000,0.623628,2,1,545,3055,2.500000,0.000000,9000,no
47,SELL,1.945224,21:07:23.346081318,no,-,-,-,-,0.100000,10.000000,0.623628,2,1,550,3050,2.500000,0.000000,9000,no
48,SELL,1.293983,21:07:23.346081318,no,-,-,-,-,0.100000,10.000000,0.623628,2,1,555,3045,2.500000,0.000000,9000,no
49,SELL,1.963515,21:07:23.346081318,no,-,-,-,-,0.100000,10.000000,0.623628,2,1,559,3041,2.500000,0.000000,9000,no
50,SELL,0.376437,21:07:23.346081318,no,-,-,-,-,0.100000,10.000000,0.623628,2,1,564,3036,2.500000,0.000000,9000,no
51,SELL,1.384745,21:07:23.346081318,no,-,-,-,-,0.100000,10.000000,0.623628,2,1,570,3030,2.500000,0.000000,9000,no
52,SELL,1.067271,21:07:23.346081318,no,-,-,-,-,0.100000,10.000000,0.623628,2,1,576,3024,2.500000,0.000000,9000,no
53,SELL,0.869118,21:07:23.346081318,no,-,-,-,-,0.100000,10.000000,0.623628,2,1,578,3022,2.500000,0.000000,9000,no
54,SELL,0.260596,21:07:23.346081318,no,-,-,-,-,0.100000,10.000000,0.623628,2,1,584,3016,2.500000,0.000000,9000,no
55,SELL,0.317595,21:07:23.346081318,no,-,-,-,-,0.100000,10.000000,0.623628,2,1,588,3012,2.500000,0.000000,9000,no
56,SELL,0.585285,21:07:23.346081318,no,-,-,-,-,0.100000,10.000000,0.623628,2,1,594,3006,2.500000,0.000000,9000,no
57,SELL,1.425177,21:07:23.346081318,no,-,-,-,-,0.100000,10.000000,0.623628,2,1,600,3000,2.500000,0.000000,9000,no
58,SELL,1.046547,21:07:23.346081318,no,-,-,-,-,0.100000,10.000000,0.623628,2,1,606,2994,2.500000,0.000000,9000,no
59,SELL,1.054201,21:07:23.346081318,no,-,-,-,-,0.100000,10.000000,0.623628,2,1,610,2990,2.500000,0.000000,9000,no
60,SELL,0.852466,21:07:23.346081318,no,-,-,-,-,0.100000,10.000000,0.623628,2,1,616,2984,2.500000,0.000000,9000,no
61,SELL,0.892277,21:07:23.346081318,no,-,-,-,-,0.100000,10.000000,0.623628,2,1,621,2979,2.500000,0.000000,9000,no
62,SELL,0.767117,21:07:23.346081318,no,-,-,-,-,0.100000,10.000000,0.623628,2,1,626,2974,2.500000,0.000000,9000,no
63,SELL,0.558076,21:07:23.346081318,no,-,-,-,-,0.100000,10.000000,0.623628,2,1,633,2967,2.500000,0.000000,9000,no
64,SELL,0.862939,21:07:23.346081318,no,-,-,-,-,0.100000,10.000000,0.623628,2,1,638,2962,2.500000,0.000000,9000,no
65,SELL,1.013268,21:07:23.346081318,no,-,-,-,-,0.100000,10.000000,0.623628,2,1,641,2959,2.500000,0.000000,9000,no
66,SELL,1.783005,21:07:23.346081318,no,-,-,-,-,0.100000,10.000000,0.623628,2,1,645,2955,2.500000,0.000000,9000,no
67,SELL,0.527541,21:07:23.346081318,no,-,-,-,-,0.100000,10.000000,0.623628,2,1,650,2950,2.500000,0.000000,9000,no
68,SELL,0.975833,21:07:23.346081318,no,-,-,-,-,0.100000,10.000000,0.623628,2,1,656,2944,2.500000,0.000000,9000,no
69,SELL,0.256454,21:07:23.346081318,no,-,-,-,-,0.100000,10.000000,0.623628,2,1,660,2940,2.500000,0.000000,9000,no
70,SELL,1.125576,21:07:23.346081318,no,-,-,-,-,0.100000,10.000000,0.623628,2,1,666,2934,2.500000,0.000000,9000,no
71,SELL,1.379850,21:07:23.346081318,no,-,-,-,-,0.100000,10.000000,0.623628,2,1,672,2928,2.500000,0.000000,9000,no
72,SELL,1.303329,21:07:23.346081318,no,-,-,-,-,0.100000,10.000000,0.623628,2,1,675,2925,2.500000,0.000000,9000,no
73,SELL,0.860097,21:07:23.346081318,no,-,-,-,-,0.100000,10.000000,0.623628,2,1,680,2920,2.500000,0.000000,9000,no
74,SELL,1.130100,21:07:23.346081318,no,-,-,-,-,0.100000,10.000000,0.623628,2,1,685,2915,2.500000,0.000000,9000,no
75,SELL,-0.031244,21:07:23.346081318,no,-,-,-,-,0.100000,10.000000,0.623628,2,1,689,2911,2.500000,0.000000,9000,no
76,SELL,0.728242,21:07:23.346081318,no,-,-,-,-,0.100000,10.000000,0.623628,2,1,695,2905,2.500000,0.000000,9000,no
77,SELL,1.300073,21:07:23.346081318,no,-,-,-,-,0.100000,10.000000,0.623628,2,1,704,2896,2.500000,0.000000,9000,no
78,SELL,1.146633,21:07:23.346081318,no,-,-,-,-,0.100000,10.000000,0.623628,2,1,708,2892,2.500000,0.000000,9000,no
79,SELL,0.473690,21:07:23.346081318,no,-,-,-,-,0.100000,10.000000,0.623628,2,1,714,2886,2.500000,0.000000,9000,no
80,SELL,0.224415,21:07:23.346081318,no,-,-,-,-,0.100000,10.000000,0.623628,2,1,717,2883,2.500000,0.000000,9000,no
81,SELL,-0.389101,21:07:23.346081318,yes,13.110000,bid1,1000,00:00:00.000037545,0.100000,10.000000,0.623628,2,1,723,2877,2.500000,1.383100,8000,no
82,SELL,-0.122500,21:07:23.346081318,yes,13.110000,bid1,1000,00:00:00.000048603,0.100000,10.000000,0.623628,2,1,728,2872,2.500000,2.747200,7000,no
83,SELL,0.975401,21:07:23.346081318,no,-,-,-,-,0.100000,10.000000,0.623628,2,1,732,2868,2.500000,2.732200,7000,no
84,SELL,0.787994,21:07:23.346081318,no,-,-,-,-,0.100000,10.000000,0.623628,2,1,738,2862,2.500000,2.710000,7000,no
85,SELL,0.498800,21:07:23.346081318,no,-,-,-,-,0.100000,10.000000,0.623628,2,1,742,2858,2.500000,2.695400,7000,no
86,SELL,0.839021,21:07:23.346081318,no,-,-,-,-,0.100000,10.000000,0.623628,2,1,747,2853,2.500000,2.677300,7000,no
87,SELL,-0.006672,21:07:23.346081318,no,-,-,-,-,0.100000,10.000000,0.623628,2,1,751,2849,2.500000,2.663100,7000,no
88,SELL,0.067972,21:07:23.346081318,no,-,-,-,-,0.100000,10.000000,0.623628,2,1,757,2843,2.500000,2.642000,7000,no
89,SELL,-0.365918,21:07:23.346081318,yes,13.100000,bid1,1000,00:00:00.000038739,0.100000,10.000000,0.623628,2,1,761,2839,2.500000,3.942100,6000,no
90,SELL,-0.660006,21:07:23.346081318,yes,13.110000,bid1,1000,00:00:00.000044440,0.100000,10.000000,0.623628,2,1,767,2833,2.500000,5.215100,5000,no
91,SELL,-0.404886,21:07:23.346081318,yes,13.110000,bid1,900,00:00:00.000036692,0.110000,9.090909,0.623628,2,1,772,2828,2.500000,6.347100,4100,no
92,SELL,-0.707276,21:07:23.346081318,yes,13.110000,bid1,800,00:00:00.000039101,0.121000,8.264463,0.623628,2,1,777,2823,2.500000,6.306300,4100,no
93,SELL,-0.798289,21:07:23.346081318,yes,13.110000,bid1,700,00:00:00.000039062,0.133100,7.513148,0.623628,2,1,783,2817,2.500000,7.279600,3300,no
94,SELL,-0.093166,21:07:23.346081318,yes,13.100000,bid1,600,00:00:00.000042523,0.146410,6.830135,0.623628,2,1,787,2813,2.500000,8.894500,2000,no
95,SELL,-0.211431,21:07:23.346081318,yes,13.110000,bid1,600,00:00:00.000038976,0.161051,6.209213,0.623628,2,1,791,2809,2.500000,9.608000,1400,no
96,SELL,-0.012452,21:07:23.346081318,no,-,-,-,-,0.177156,5.644739,0.623628,2,1,797,2803,2.500000,9.535700,1400,no
97,SELL,0.153491,21:07:23.346081318,no,-,-,-,-,0.194872,5.131581,0.623628,2,1,801,2799,2.500000,9.488100,1400,no
98,SELL,0.189508,21:07:23.346081318,no,-,-,-,-,0.214359,4.665074,0.623628,2,1,806,2794,2.500000,9.429200,1400,no
99,SELL,-0.059426,21:07:23.346081318,no,-,-,-,-,0.235795,4.240976,0.623628,2,1,810,2790,2.500000,9.382700,1400,no
100,SELL,0.182817,21:07:23.346081318,no,-,-,-,-,0.259374,3.855433,0.623628,2,1,817,2783,2.500000,9.302300,1400,no
101,SELL,0.389197,21:07:23.346081318,no,-,-,-,-,0.285312,3.504939,0.623628,2,1,821,2779,2.500000,9.257000,1400,no
102,SELL,0.117702,21:07:23.346081318,no,-,-,-,-,0.313843,3.186308,0.623628,2,1,825,2775,2.500000,9.212100,1400,no
103,SELL,-0.467810,21:07:23.346081318,yes,13.100000,bid1,200,00:00:00.000038497,0.345227,2.896644,0.623628,2,1,830,2770,2.500000,9.397500,1200,no
104,SELL,-0.072725,21:07:23.346081318,no,-,-,-,-,0.379750,2.633313,0.623628,2,1,835,2765,2.500000,9.341300,1200,no
105,SELL,-0.054111,21:07:23.346081318,no,-,-,-,-,0.417725,2.393920,0.623628,2,1,838,2762,2.500000,9.307800,1200,no
106,SELL,0.144847,21:07:23.346081318,no,-,-,-,-,0.459497,2.176291,0.623628,2,1,844,2756,2.500000,9.241700,1200,no
107,SELL,0.699833,21:07:23.346081318,no,-,-,-,-,0.505447,1.978447,0.623628,2,1,849,2751,2.500000,9.187200,1200,no
108,SELL,0.921690,21:07:23.346081318,no,-,-,-,-,0.555992,1.798588,0.623628,2,1,853,2747,2.500000,9.144100,1200,no
109,SELL,0.349999,21:07:23.346081318,no,-,-,-,-,0.611591,1.635080,0.623628,2,1,859,2741,2.500000,9.080300,1200,no
110,SELL,0.467658,21:07:23.346081318,no,-,-,-,-,0.672750,1.486436,0.623628,2,1,863,2737,2.500000,9.038200,1200,no
111,SELL,-0.077906,21:07:23.346081318,no,-,-,-,-,0.740025,1.351306,0.623628,2,1,868,2732,2.500000,8.986100,1200,no
112,SELL,0.301959,21:07:23.346081318,no,-,-,-,-,0.814027,1.228460,0.623628,2,1,872,2728,2.500000,8.944900,1200,no
113,SELL,0.208388,21:07:23.346081318,no,-,-,-,-,0.895430,1.116782,0.623628,2,1,877,2723,2.500000,8.893900,1200,no
114,SELL,0.550388,21:07:23.346081318,no,-,-,-,-,0.984973,1.015256,0.623628,2,1,882,2718,2.500000,8.843500,1200,no
115,SELL,0.288972,21:07:23.346081318,no,-,-,-,-,1.083471,0.922960,0.623628,2,1,887,2713,2.500000,8.793600,1200,no
116,SELL,0.271533,21:07:23.346081318,no,-,-,-,-,1.191818,0.839055,0.623628,2,1,893,2707,2.500000,8.734600,1200,no
117,SELL,0.659523,21:07:23.346081318,no,-,-,-,-,1.310999,0.762777,0.623628,2,1,898,2702,2.500000,8.685900,1200,no
118,SELL,0.762554,21:07:23.346081318,no,-,-,-,-,1.442099,0.693433,0.623628,2,1,904,2696,2.500000,8.628300,1200,no
119,SELL,0.170776,21:07:23.346081318,no,-,-,-,-,1.586309,0.630394,0.623628,2,1,908,2692,2.500000,8.590300,1200,no
120,SELL,-0.056173,21:07:23.346081318,no,-,-,-,-,1.744940,0.573086,0.623628,2,1,1191,2409,2.500000,6.549100,1200,no
121,SELL,-0.150657,21:07:23.346081318,no,-,-,-,-,1.919434,0.520987,0.623628,2,1,1195,2405,2.500000,6.527100,1200,no
122,SELL,-0.485825,21:07:23.346081318,no,-,-,-,-,2.111378,0.473624,0.623628,2,1,1202,2398,2.500000,6.489100,1200,no
123,SELL,-0.432095,21:07:23.346081318,no,-,-,-,-,2.322515,0.430568,0.623628,2,1,1207,2393,2.500000,6.462300,1200,no
124,SELL,-0.419934,21:07:23.346081318,no,-,-,-,-,2.554767,0.391425,0.623628,2,1,1214,2386,2.500000,6.425000,1200,no
125,SELL,-0.338633,21:07:23.346081318,no,-,-,-,-,2.810244,0.355841,0.623628,2,1,1220,2380,2.500000,6.393400,1200,no
126,SELL,-0.458324,21:07:23.346081318,no,-,-,-,-,3.091268,0.323492,0.623628,2,1,1228,2372,2.500000,6.351700,1200,no
127,SELL,-0.736539,21:07:23.346081318,no,-,-,-,-,3.400395,0.294083,0.623628,2,1,1232,2368,2.500000,6.331100,1200,no
128,SELL,-0.596061,21:07:23.346081318,no,-,-,-,-,3.740434,0.267349,0.623628,2,1,1236,2364,2.500000,6.310600,1200,no
129,SELL,0.142670,21:07:23.346081318,no,-,-,-,-,4.114478,0.243044,0.623628,2,1,1242,2358,2.500000,6.280100,1200,no
130,SELL,-0.074891,21:07:23.346081318,no,-,-,-,-,4.525926,0.220949,0.623628,2,1,1250,2350,2.500000,6.240000,1200,no
131,SELL,-0.633134,21:07:23.346081318,no,-,-,-,-,4.978518,0.200863,0.623628,2,1,1255,2345,2.500000,6.215100,1200,no
132,SELL,0.268482,21:07:23.346081318,no,-,-,-,-,5.476370,0.182603,0.623628,2,1,1259,2341,2.500000,6.195300,1200,no
133,SELL,-0.254072,21:07:23.346081318,no,-,-,-,-,6.024007,0.166002,0.623628,2,1,1266,2334,2.500000,6.161100,1200,no
134,SELL,-0.284747,21:07:23.346081318,no,-,-,-,-,6.626408,0.150911,0.623628,2,1,1271,2329,2.500000,6.136900,1200,no
135,SELL,-0.359507,21:07:23.346081318,no,-,-,-,-,7.289048,0.137192,0.623628,2,1,1277,2323,2.500000,6.108000,1200,no
136,SELL,-0.387491,21:07:23.346081318,no,-,-,-,-,8.017953,0.124720,0.623628,2,1,1283,2317,2.500000,6.079500,1200,no
137,SELL,-0.391928,21:07:23.346081318,no,-,-,-,-,8.819749,0.113382,0.623628,2,1,1291,2309,2.500000,6.041800,1200,no
138,SELL,-0.441888,21:07:23.346081318,no,-,-,-,-,9.701723,0.103074,0.623628,2,1,1298,2302,2.500000,6.009200,1200,no
139,SELL,0.086100,21:07:23.346081318,no,-,-,-,-,10.000000,0.100000,0.623628,2,1,1301,2299,2.500000,5.995300,1200,no
140,SELL,-0.314466,21:07:23.346081318,no,-,-,-,-,10.000000,0.100000,0.623628,2,1,1308,2292,2.500000,5.963300,1200,no
141,SELL,1.305420,21:07:23.346081318,no,-,-,-,-,10.000000,0.100000,0.623628,2,1,1314,2286,2.500000,5.936000,1200,no
142,SELL,1.268049,21:07:23.346081318,no,-,-,-,-,10.000000,0.100000,0.623628,2,1,1319,2281,2.500000,5.913500,1200,no
143,SELL,0.734595,21:07:23.346081318,no,-,-,-,-,10.000000,0.100000,0.623628,2,1,1326,2274,2.500000,5.882300,1200,no
144,SELL,0.501660,21:07:23.346081318,no,-,-,-,-,10.000000,0.100000,0.623628,2,1,1333,2267,2.500000,5.851400,1200,no
145,SELL,0.484443,21:07:23.346081318,no,-,-,-,-,10.000000,0.100000,0.623628,2,1,1339,2261,2.500000,5.825200,1200,no
146,SELL,0.548480,21:07:23.346081318,no,-,-,-,-,10.000000,0.100000,0.623628,2,1,1343,2257,2.500000,5.807800,1200,no
147,SELL,0.388533,21:07:23.346081318,no,-,-,-,-,10.000000,0.100000,0.623628,2,1,1348,2252,2.500000,5.786300,1200,no
148,SELL,0.476162,21:07:23.346081318,no,-,-,-,-,10.000000,0.100000,0.623628,2,1,1353,2247,2.500000,5.764900,1200,no
149,SELL,0.235200,21:07:23.346081318,no,-,-,-,-,10.000000,0.100000,0.623628,2,1,1357,2243,2.500000,5.747900,1200,no
150,SELL,0.262618,21:07:23.346081318,no,-,-,-,-,10.000000,0.100000,0.623628,2,1,1362,2238,2.500000,5.726800,1200,no
151,SELL,-0.177074,21:07:23.346081318,no,-,-,-,-,10.000000,0.100000,0.623628,2,1,1368,2232,2.500000,5.701700,1200,no
152,SELL,-0.297162,21:07:23.346081318,no,-,-,-,-,10.000000,0.100000,0.623628,2,1,1374,2226,2.500000,5.676800,1200,no
153,SELL,-0.090154,21:07:23.346081318,no,-,-,-,-,10.000000,0.100000,0.623628,2,1,1380,2220,2.500000,5.652100,1200,no
154,SELL,-0.146826,21:07:23.346081318,no,-,-,-,-,10.000000,0.100000,0.623628,2,1,1390,2210,2.500000,5.611500,1200,no
155,SELL,-1.589934,21:07:23.346081318,no,-,-,-,-,10.000000,0.100000,0.623628,2,1,1395,2205,2.500000,5.591300,1200,no
156,SELL,-1.177023,21:07:23.346081318,no,-,-,-,-,10.000000,0.100000,0.623628,2,1,1398,2202,2.500000,5.579300,1200,no
157,SELL,-1.066859,21:07:23.346081318,no,-,-,-,-,10.000000,0.100000,0.623628,2,1,1404,2196,2.500000,5.555500,1200,no
158,SELL,0.100946,21:07:23.346081318,no,-,-,-,-,10.000000,0.100000,0.623628,2,1,1408,2192,2.500000,5.539700,1200,no
159,SELL,-0.205770,21:07:23.346081318,no,-,-,-,-,10.000000,0.100000,0.623628,2,1,1414,2186,2.500000,5.516200,1200,no
160,SELL,-0.510325,21:07:23.346081318,no,-,-,-,-,10.000000,0.100000,0.623628,2,1,1416,2184,2.500000,5.508400,1200,no
161,SELL,-0.330375,21:07:23.346081318,no,-,-,-,-,10.000000,0.100000,0.623628,2,1,1419,2181,2.500000,5.496800,1200,no
162,SELL,-0.630605,21:07:23.346081318,no,-,-,-,-,10.000000,0.100000,0.623628,2,1,1422,2178,2.500000,5.485200,1200,no
163,SELL,-0.443445,21:07:23.346081318,no,-,-,-,-,10.000000,0.100000,0.623628,2,1,1426,2174,2.500000,5.469800,1200,no
164,SELL,-0.718923,21:07:23.346081318,no,-,-,-,-,10.000000,0.100000,0.623628,2,1,1431,2169,2.500000,5.450700,1200,no
165,SELL,-0.035819,21:07:23.346081318,no,-,-,-,-,10.000000,0.100000,0.623628,2,1,1436,2164,2.500000,5.431700,1200,no
166,SELL,-0.621674,21:07:23.346081318,no,-,-,-,-,10.000000,0.100000,0.623628,2,1,1441,2159,2.500000,5.412900,1200,no
167,SELL,-0.398513,21:07:23.346081318,no,-,-,-,-,10.000000,0.100000,0.623628,2,1,1448,2152,2.500000,5.386700,1200,no
168,SELL,0.725589,21:07:23.346081318,no,-,-,-,-,10.000000,0.100000,0.623628,2,1,1452,2148,2.500000,5.371900,1200,no
169,SELL,-1.032907,21:07:23.346081318,no,-,-,-,-,10.000000,0.100000,0.623628,2,1,1455,2145,2.500000,5.360800,1200,no
170,SELL,0.031202,21:07:23.346081318,no,-,-,-,-,10.000000,0.100000,0.623628,2,1,1460,2140,2.500000,5.342400,1200,no
171,SELL,-0.143005,21:07:23.346081318,no,-,-,-,-,10.000000,0.100000,0.623628,2,1,1466,2134,2.500000,5.320600,1200,no
172,SELL,-1.785291,21:07:23.346081318,no,-,-,-,-,10.000000,0.100000,0.623628,2,1,1470,2130,2.500000,5.306100,1200,no
173,SELL,-0.062539,21:07:23.346081318,no,-,-,-,-,10.000000,0.100000,0.623628,2,1,1475,2125,2.500000,5.288100,1200,no
174,SELL,0.166346,21:07:23.346081318,no,-,-,-,-,10.000000,0.100000,0.623628,2,1,1479,2121,2.500000,5.273800,1200,no
175,SELL,-1.490409,21:07:23.346081318,no,-,-,-,-,10.000000,0.100000,0.623628,2,1,1484,2116,2.500000,5.256000,1200,no
176,SELL,0.994520,21:07:23.346081318,no,-,-,-,-,10.000000,0.100000,0.623628,2,1,1489,2111,2.500000,5.238400,1200,no
177,SELL,0.316882,21:07:23.346081318,no,-,-,-,-,10.000000,0.100000,0.623628,2,1,1494,2106,2.500000,5.220800,1200,no
178,SELL,-0.370542,21:07:23.346081318,no,-,-,-,-,10.000000,0.100000,0.623628,2,1,1501,2099,2.500000,5.196500,1200,no
179,SELL,-1.431294,21:07:23.346081318,no,-,-,-,-,10.000000,0.100000,0.623628,2,1,1506,2094,2.500000,5.179200,1200,no
180,SELL,-1.697808,21:07:23.346081318,no,-,-,-,-,10.000000,0.100000,0.623628,2,1,1510,2090,2.500000,5.165500,1200,no
181,SELL,-0.428271,21:07:23.346081318,no,-,-,-,-,10.000000,0.100000,0.623628,2,1,1516,2084,2.500000,5.145100,1200,no
182,SELL,-1.436412,21:07:23.346081318,no,-,-,-,-,10.000000,0.100000,0.623628,2,1,1522,2078,2.500000,5.124800,1200,no
183,SELL,-0.789094,21:07:23.346081318,no,-,-,-,-,10.000000,0.100000,0.623628,2,1,1525,2075,2.500000,5.114700,1200,no
184,SELL,-0.906276,21:07:23.346081318,no,-,-,-,-,10.000000,0.100000,0.623628,2,1,1530,2070,2.500000,5.098000,1200,no
185,SELL,-1.055429,21:07:23.346081318,no,-,-,-,-,10.000000,0.100000,0.623628,2,1,1535,2065,2.500000,5.081400,1200,no
186,SELL,-0.661522,21:07:23.346081318,no,-,-,-,-,10.000000,0.100000,0.623628,2,1,1542,2058,2.500000,5.058300,1200,no
187,SELL,-0.739954,21:07:23.346081318,no,-,-,-,-,10.000000,0.100000,0.623628,2,1,1546,2054,2.500000,5.045200,1200,no
188,SELL,-1.088146,21:07:23.346081318,no,-,-,-,-,10.000000,0.100000,0.623628,2,1,1549,2051,2.500000,5.035500,1200,no
189,SELL,-0.899357,21:07:23.346081318,no,-,-,-,-,10.000000,0.100000,0.623628,2,1,1553,2047,2.500000,5.022500,1200,no
190,SELL,0.300896,21:07:23.346081318,no,-,-,-,-,10.000000,0.100000,0.623628,2,1,1559,2041,2.500000,5.003200,1200,no
191,SELL,-0.080339,21:07:23.346081318,no,-,-,-,-,10.000000,0.100000,0.623628,2,1,1564,2036,2.500000,4.987200,1200,no
192,SELL,0.064794,21:07:23.346081318,no,-,-,-,-,10.000000,0.100000,0.623628,2,1,1569,2031,2.500000,4.971300,1200,no
193,SELL,-0.057508,21:07:23.346081318,no,-,-,-,-,10.000000,0.100000,0.623628,2,1,1574,2026,2.500000,4.955500,1200,no
194,SELL,-0.053082,21:07:23.346081318,no,-,-,-,-,10.000000,0.100000,0.623628,2,1,1578,2022,2.500000,4.942900,1200,no
195,SELL,-0.321134,21:07:23.346081318,no,-,-,-,-,10.000000,0.100000,0.623628,2,1,1585,2015,2.500000,4.921100,1200,no
196,SELL,-0.384451,21:07:23.346081318,no,-,-,-,-,10.000000,0.100000,0.623628,2,1,1590,2010,2.500000,4.905600,1200,no
197,SELL,-0.059887,21:07:23.346081318,no,-,-,-,-,10.000000,0.100000,0.623628,2,1,1593,2007,2.500000,4.896400,1200,no
198,SELL,-0.331728,21:07:23.346081318,no,-,-,-,-,10.000000,0.100000,0.623628,2,1,1599,2001,2.500000,4.878000,1200,no
199,SELL,-0.560400,21:07:23.346081318,no,-,-,-,-,10.000000,0.100000,0.623628,2,1,1604,1996,2.500000,4.862800,1200,no
200,SELL,-0.361858,21:07:23.346081318,no,-,-,-,-,10.000000,0.100000,0.623628,2,1,1607,1993,2.500000,4.853700,1200,no
201,SELL,-0.520018,21:07:23.346081318,no,-,-,-,-,10.000000,0.100000,0.623628,2,1,1612,1988,2.500000,4.838700,1200,no
202,SELL,-0.447627,21:07:23.346081318,no,-,-,-,-,10.000000,0.100000,0.623628,2,1,1617,1983,2.500000,4.823700,1200,no
203,SELL,-0.398590,21:07:23.346081318,no,-,-,-,-,10.000000,0.100000,0.623628,2,1,1622,1978,2.500000,4.808800,1200,no
204,SELL,-0.330490,21:07:23.346081318,no,-,-,-,-,10.000000,0.100000,0.623628,2,1,1626,1974,2.500000,4.797000,1200,no
205,SELL,-0.442426,21:07:23.346081318,no,-,-,-,-,10.000000,0.100000,0.623628,2,1,1633,1967,2.500000,4.776400,1200,no
206,SELL,-0.347542,21:07:23.346081318,no,-,-,-,-,10.000000,0.100000,0.623628,2,1,1638,1962,2.500000,4.761900,1200,no
207,SELL,-0.266130,21:07:23.346081318,no,-,-,-,-,10.000000,0.100000,0.623628,2,1,1643,1957,2.500000,4.747400,1200,no
208,SELL,-0.585350,21:07:23.346081318,no,-,-,-,-,10.000000,0.100000,0.623628,2,1,1646,1954,2.500000,4.738700,1200,no
209,SELL,-0.546331,21:07:23.346081318,no,-,-,-,-,10.000000,0.100000,0.623628,2,1,1649,1951,2.500000,4.730100,1200,no
210,SELL,-0.398491,21:07:23.346081318,no,-,-,-,-,10.000000,0.100000,0.623628,2,1,1654,1946,2.500000,4.715800,1200,no
211,SELL,-0.581486,21:07:23.346081318,no,-,-,-,-,10.000000,0.100000,0.623628,2,1,1657,1943,2.500000,4.707300,1200,no
212,SELL,-0.377361,21:07:23.346081318,no,-,-,-,-,10.000000,0.100000,0.623628,2,1,1662,1938,2.500000,4.693100,1200,no
213,SELL,-0.730851,21:07:23.346081318,no,-,-,-,-,10.000000,0.100000,0.623628,2,1,1666,1934,2.500000,4.681800,1200,no
214,SELL,-0.360405,21:07:23.346081318,no,-,-,-,-,10.000000,0.100000,0.623628,2,1,1670,1930,2.500000,4.670600,1200,no
215,SELL,-0.379084,21:07:23.346081318,no,-,-,-,-,10.000000,0.100000,0.623628,2,1,1675,1925,2.500000,4.656700,1200,no
216,SELL,2.534233,21:07:23.346081318,yes,12.980000,ask1,1200,00:00:00.000026047,9.090909,0.110000,0.623628,2,1,4929,-1329,2.500000,1.582400,1200,yes
217,SELL,1.753351,21:07:23.346081318,yes,12.970000,ask1,1200,00:00:00.000023470,8.264463,0.121000,0.623628,2,1,4936,-1336,2.500000,1.580200,1200,yes
218,SELL,0.837125,21:07:23.346081318,yes,12.970000,ask1,1200,00:00:00.000023758,7.513148,0.133100,0.623628,2,1,4942,-1342,2.500000,1.578300,1200,yes
219,SELL,1.205465,21:07:23.346081318,yes,12.960000,ask1,1200,00:00:00.000024572,6.830135,0.146410,0.623628,2,1,4948,-1348,2.500000,1.576300,1200,yes
220,SELL,1.658197,21:07:23.346081318,yes,12.960000,ask1,1200,00:00:00.000025360,6.209213,0.161051,0.623628,2,1,4955,-1355,2.500000,1.574100,1200,yes
221,SELL,0.940284,21:07:23.346081318,yes,12.960000,ask1,1200,00:00:00.000025178,5.644739,0.177156,0.623628,2,1,4960,-1360,2.500000,1.572500,1200,yes
222,SELL,1.719458,21:07:23.346081318,yes,12.960000,ask1,1200,00:00:00.000024649,5.131581,0.194872,0.623628,2,1,4966,-1366,2.500000,1.570600,1200,yes
223,SELL,2.214229,21:07:23.346081318,yes,12.960000,ask1,1200,00:00:00.000025307,4.665074,0.214359,0.623628,2,1,4972,-1372,2.500000,1.568700,1200,yes
224,SELL,2.555001,21:07:23.346081318,yes,12.960000,ask1,1200,00:00:00.000024353,4.240976,0.235795,0.623628,2,1,4979,-1379,2.500000,1.566500,1200,yes
225,SELL,3.694915,21:07:23.346081318,yes,12.950000,ask1,1200,00:00:00.000026101,3.855433,0.259374,0.623628,2,1,4985,-1385,2.500000,1.564600,1200,yes
226,SELL,3.653838,21:07:23.346081318,yes,12.950000,ask1,1200,00:00:00.000025600,3.504939,0.285312,0.623628,2,1,4993,-1393,2.500000,1.562100,1200,yes
227,SELL,1.441282,21:07:23.346081318,yes,12.950000,ask1,1200,00:00:00.000026466,3.186308,0.313843,0.623628,2,1,4999,-1399,2.500000,1.560300,1200,yes
228,SELL,1.519004,21:07:23.346081318,yes,12.950000,ask1,1200,00:00:00.000023781,2.896644,0.345227,0.623628,2,1,5006,-1406,2.500000,1.558100,1200,yes
229,SELL,1.790025,21:07:23.346081318,yes,12.940000,ask1,1200,00:00:00.000026285,2.633313,0.379750,0.623628,2,1,5011,-1411,2.500000,1.556500,1200,yes
230,SELL,3.520659,21:07:23.346081318,yes,12.930000,ask1,1200,00:00:00.000024311,2.393920,0.417725,0.623628,2,1,5016,-1416,2.500000,1.555000,1200,yes
231,SELL,3.528736,21:07:23.346081318,yes,12.920000,ask1,1200,00:00:00.000033716,2.176291,0.459497,0.623628,2,1,5021,-1421,2.500000,1.553400,1200,yes
232,SELL,2.678374,21:07:23.346081318,yes,12.930000,ask1,1200,00:00:00.000042537,1.978447,0.505447,0.623628,2,1,5027,-1427,2.500000,1.551600,1200,yes
233,SELL,3.524948,21:07:23.346081318,yes,12.930000,ask1,1200,00:00:00.000027534,1.798588,0.555992,0.623628,2,1,5032,-1432,2.500000,1.550000,1200,yes
234,SELL,2.092839,21:07:23.346081318,yes,12.930000,ask1,1200,00:00:00.000024914,1.635080,0.611591,0.623628,2,1,5036,-1436,2.500000,1.548800,1200,yes
235,SELL,3.484908,21:07:23.346081318,yes,12.900000,ask1,1200,00:00:00.000026259,1.486436,0.672750,0.623628,2,1,5042,-1442,2.500000,1.547000,1200,yes
236,SELL,1.953572,21:07:23.346081318,yes,12.920000,ask1,1200,00:00:00.000024651,1.351306,0.740025,0.623628,2,1,5049,-1449,2.500000,1.544800,1200,yes
237,SELL,2.561855,21:07:23.346081318,yes,12.920000,ask1,1200,00:00:00.000025854,1.228460,0.814027,0.623628,2,1,5054,-1454,2.500000,1.543300,1200,yes
238,SELL,1.335594,21:07:23.346081318,yes,12.920000,ask1,1200,00:00:00.000025516,1.116782,0.895430,0.623628,2,1,5059,-1459,2.500000,1.541800,1200,yes
239,SELL,1.618355,21:07:23.346081318,yes,12.900000,ask1,1200,00:00:00.000024801,1.015256,0.984973,0.623628,2,1,5064,-1464,2.500000,1.540200,1200,yes
240,SELL,2.125523,21:07:23.346081318,yes,12.910000,ask1,1200,00:00:00.000025861,0.922960,1.083471,0.623628,2,1,5068,-1468,2.500000,1.539000,1200,yes
241,SELL,2.109593,21:07:23.346081318,yes,12.910000,ask1,1200,00:00:00.000024501,0.839055,1.191818,0.623628,2,1,5072,-1472,2.500000,1.537800,1200,yes
