轮数,方向,预测值,算法开始时间,是否下单,下单价格,档位,下单量,下单耗时(从预测到下单),r1,r2,std,freq,qty_scalar,经过时间,剩余时间,目标速度,实际速度,剩余量,是否为最后一轮
1,BUY,1.489673,21:07:23.347635419,yes,8.070000,ask1,100,00:00:00.000046234,0.909091,1.100000,0.970103,2,1,333,3267,21.250000,0.300300,76400,no
2,BUY,0.884970,21:07:23.347635419,yes,8.080000,ask1,100,00:00:00.000036264,0.826446,1.210000,0.970103,2,1,338,3262,21.250000,0.591700,76300,no
3,BUY,0.557849,21:07:23.347635419,no,-,-,-,-,0.751315,1.331000,0.970103,2,1,343,3257,21.250000,0.583000,76300,no
4,BUY,0.421591,21:07:23.347635419,no,-,-,-,-,0.683013,1.464100,0.970103,2,1,348,3252,21.250000,0.574700,76300,no
5,BUY,0.266979,21:07:23.347635419,no,-,-,-,-,0.620921,1.610510,0.970103,2,1,352,3248,21.250000,0.568100,76300,no
6,BUY,0.792508,21:07:23.347635419,yes,8.070000,ask1,100,00:00:00.000037363,0.564474,1.771561,0.970103,2,1,359,3241,21.250000,0.835600,76200,no
7,BUY,0.129762,21:07:23.347635419,no,-,-,-,-,0.513158,1.948717,0.970103,2,1,362,3238,21.250000,0.828700,76200,no
8,BUY,-0.434730,21:07:23.347635419,no,-,-,-,-,0.466507,2.143589,0.970103,2,1,367,3233,21.250000,0.817400,76200,no
9,BUY,1.246114,21:07:23.347635419,yes,8.070000,ask1,200,00:00:00.000039440,0.424098,2.357948,0.970103,2,1,371,3229,21.250000,1.347700,76000,no
10,BUY,-0.135916,21:07:23.347635419,no,-,-,-,-,0.385543,2.593742,0.970103,2,1,376,3224,21.250000,1.329700,76000,no
11,BUY,0.309305,21:07:23.347635419,no,-,-,-,-,0.350494,2.853117,0.970103,2,1,381,3219,21.250000,1.312300,76000,no
12,BUY,0.022091,21:07:23.347635419,no,-,-,-,-,0.318631,3.138428,0.970103,2,1,386,3214,21.250000,1.295300,76000,no
13,BUY,0.157377,21:07:23.347635419,no,-,-,-,-,0.289664,3.452271,0.970103,2,1,392,3208,21.250000,1.275500,76000,no
14,BUY,-0.101056,21:07:23.347635419,no,-,-,-,-,0.263331,3.797498,0.970103,2,1,397,3203,21.250000,1.259400,76000,no
15,BUY,-0.131397,21:07:23.347635419,no,-,-,-,-,0.239392,4.177248,0.970103,2,1,402,3198,21.250000,1.243700,76000,no
16,BUY,-0.256880,21:07:23.347635419,no,-,-,-,-,0.217629,4.594973,0.970103,2,1,408,3192,21.250000,1.225400,76000,no
17,BUY,0.416777,21:07:23.347635419,yes,8.080000,ask1,500,00:00:00.000035539,0.197845,5.054470,0.970103,2,1,411,3189,21.250000,2.433000,75500,no
18,BUY,0.085387,21:07:23.347635419,no,-,-,-,-,0.179859,5.559917,0.970103,2,1,414,3186,21.250000,2.415400,75500,no
19,BUY,0.127214,21:07:23.347635419,no,-,-,-,-,0.163508,6.115909,0.970103,2,1,419,3181,21.250000,2.386600,75500,no
20,BUY,0.344207,21:07:23.347635419,yes,8.080000,ask1,600,00:00:00.000035971,0.148644,6.727500,0.970103,2,1,423,3177,21.250000,2.364000,75500,no
21,BUY,0.181455,21:07:23.347635419,yes,8.080000,ask1,700,00:00:00.000037048,0.135131,7.400250,0.970103,2,1,428,3172,21.250000,3.738300,74900,no
22,BUY,-0.179812,21:07:23.347635419,no,-,-,-,-,0.122846,8.140275,0.970103,2,1,433,3167,21.250000,5.311700,74200,no
23,BUY,0.208982,21:07:23.347635419,yes,8.080000,ask1,800,00:00:00.000037390,0.111678,8.954302,0.970103,2,1,438,3162,21.250000,5.251100,74200,no
24,BUY,-0.076436,21:07:23.347635419,no,-,-,-,-,0.101526,9.849733,0.970103,2,1,443,3157,21.250000,6.997700,73400,no
25,BUY,-0.148918,21:07:23.347635419,no,-,-,-,-,0.100000,10.000000,0.970103,2,1,447,3153,21.250000,6.935100,73400,no
26,BUY,-0.270124,21:07:23.347635419,no,-,-,-,-,0.100000,10.000000,0.970103,2,1,451,3149,21.250000,6.873600,73400,no
27,BUY,0.758173,21:07:23.347635419,yes,8.070000,ask1,1000,00:00:00.000035781,0.100000,10.000000,0.970103,2,1,458,3142,21.250000,6.768500,73400,no
28,BUY,0.148902,21:07:23.347635419,yes,8.070000,ask1,1000,00:00:00.000043308,0.100000,10.000000,0.970103,2,1,463,3137,21.250000,11.015100,71400,no
29,BUY,-0.173225,21:07:23.347635419,no,-,-,-,-,0.100000,10.000000,0.970103,2,1,466,3134,21.250000,10.944200,71400,no
30,BUY,-0.126822,21:07:23.347635419,no,-,-,-,-,0.100000,10.000000,0.970103,2,1,471,3129,21.250000,10.828000,71400,no
31,BUY,-0.185063,21:07:23.347635419,no,-,-,-,-,0.100000,10.000000,0.970103,2,1,475,3125,21.250000,10.736800,71400,no
32,BUY,0.308176,21:07:23.347635419,yes,8.070000,ask1,1000,00:00:00.000034702,0.100000,10.000000,0.970103,2,1,480,3120,21.250000,10.625000,71400,no
33,BUY,0.215002,21:07:23.347635419,yes,8.070000,ask1,1000,00:00:00.000036112,0.100000,10.000000,0.970103,2,1,485,3115,21.250000,14.639100,69400,no
34,BUY,0.138207,21:07:23.347635419,yes,8.070000,ask1,1000,00:00:00.000063853,0.100000,10.000000,0.970103,2,1,489,3111,21.250000,16.564400,68400,no
35,BUY,0.415177,21:07:23.347635419,yes,8.070000,ask1,1000,00:00:00.000037127,0.100000,10.000000,0.970103,2,1,495,3105,21.250000,18.383800,67400,no
36,BUY,0.522535,21:07:23.347635419,yes,8.070000,ask1,1000,00:00:00.000040514,0.100000,10.000000,0.970103,2,1,499,3101,21.250000,18.236400,67400,no
37,BUY,-0.359521,21:07:23.347635419,no,-,-,-,-,0.100000,10.000000,0.970103,2,1,503,3097,21.250000,20.079500,66400,no
38,BUY,-0.187464,21:07:23.347635419,no,-,-,-,-,0.100000,10.000000,0.970103,2,1,508,3092,21.250000,19.881800,66400,no
39,BUY,-0.175794,21:07:23.347635419,no,-,-,-,-,0.100000,10.000000,0.970103,2,1,514,3086,21.250000,19.649800,66400,no
40,BUY,-0.432455,21:07:23.347635419,no,-,-,-,-,0.100000,10.000000,0.970103,2,1,518,3082,21.250000,19.498000,66400,no
41,BUY,-0.409425,21:07:23.347635419,no,-,-,-,-,0.100000,10.000000,0.970103,2,1,523,3077,21.250000,19.311600,66400,no
42,BUY,-0.350044,21:07:23.347635419,no,-,-,-,-,0.100000,10.000000,0.970103,2,1,528,3072,21.250000,19.128700,66400,no
43,BUY,-0.385252,21:07:23.347635419,no,-,-,-,-,0.100000,10.000000,0.970103,2,1,533,3067,21.250000,18.949300,66400,no
44,BUY,-0.522450,21:07:23.347635419,no,-,-,-,-,0.100000,10.000000,0.970103,2,1,538,3062,21.250000,18.773200,66400,no
45,BUY,-0.651226,21:07:23.347635419,no,-,-,-,-,0.100000,10.000000,0.970103,2,1,543,3057,21.250000,18.600300,66400,no
46,BUY,-0.819754,21:07:23.347635419,no,-,-,-,-,0.100000,10.000000,0.970103,2,1,548,3052,21.250000,18.430600,66400,no
47,BUY,-0.739874,21:07:23.347635419,no,-,-,-,-,0.100000,10.000000,0.970103,2,1,554,3046,21.250000,18.231000,66400,no
48,BUY,-0.527979,21:07:23.347635419,no,-,-,-,-,0.100000,10.000000,0.970103,2,1,557,3043,21.250000,18.132800,66400,no
49,BUY,-0.731285,21:07:23.347635419,no,-,-,-,-,0.100000,10.000000,0.970103,2,1,564,3036,21.250000,17.907800,66400,no
50,BUY,-0.746971,21:07:23.347635419,no,-,-,-,-,0.100000,10.000000,0.970103,2,1,569,3031,21.250000,17.750400,66400,no
51,BUY,-0.346631,21:07:23.347635419,no,-,-,-,-,0.100000,10.000000,0.970103,2,1,574,3026,21.250000,17.595800,66400,no
52,BUY,-0.232105,21:07:23.347635419,no,-,-,-,-,0.100000,10.000000,0.970103,2,1,578,3022,21.250000,17.474000,66400,no
53,BUY,-0.832090,21:07:23.347635419,no,-,-,-,-,0.100000,10.000000,0.970103,2,1,583,3017,21.250000,17.324100,66400,no
54,BUY,-0.098140,21:07:23.347635419,no,-,-,-,-,0.100000,10.000000,0.970103,2,1,587,3013,21.250000,17.206100,66400,no
55,BUY,-0.049420,21:07:23.347635419,no,-,-,-,-,0.100000,10.000000,0.970103,2,1,593,3007,21.250000,17.032000,66400,no
56,BUY,-0.475911,21:07:23.347635419,no,-,-,-,-,0.100000,10.000000,0.970103,2,1,597,3003,21.250000,16.917900,66400,no
57,BUY,-0.003297,21:07:23.347635419,no,-,-,-,-,0.100000,10.000000,0.970103,2,1,605,2995,21.250000,16.694200,66400,no
58,BUY,-0.017034,21:07:23.347635419,no,-,-,-,-,0.100000,10.000000,0.970103,2,1,609,2991,21.250000,16.584500,66400,no
59,BUY,-0.036396,21:07:23.347635419,no,-,-,-,-,0.100000,10.000000,0.970103,2,1,615,2985,21.250000,16.422700,66400,no
60,BUY,0.339233,21:07:23.347635419,yes,8.070000,ask1,1000,00:00:00.000036301,0.100000,10.000000,0.970103,2,1,620,2980,21.250000,17.903200,65400,no
61,BUY,0.742357,21:07:23.347635419,yes,8.070000,ask1,1000,00:00:00.000035461,0.100000,10.000000,0.970103,2,1,624,2976,21.250000,17.788400,65400,no
62,BUY,0.379750,21:07:23.347635419,yes,8.070000,ask1,1000,00:00:00.000036579,0.100000,10.000000,0.970103,2,1,632,2968,21.250000,19.145500,64400,no
63,BUY,0.289104,21:07:23.347635419,yes,8.070000,ask1,1000,00:00:00.000036244,0.100000,10.000000,0.970103,2,1,636,2964,21.250000,20.597400,63400,no
64,BUY,0.139731,21:07:23.347635419,yes,8.070000,ask1,1000,00:00:00.000035976,0.100000,10.000000,0.970103,2,1,640,2960,21.250000,22.031200,62400,no
65,BUY,0.357127,21:07:23.347635419,yes,8.070000,ask1,1000,00:00:00.000035767,0.100000,10.000000,0.970103,2,1,643,2957,21.250000,23.483600,61400,no
66,BUY,0.179286,21:07:23.347635419,yes,8.070000,ask1,1000,00:00:00.000037817,0.100000,10.000000,0.970103,2,1,649,2951,21.250000,26.348200,59400,no
67,BUY,0.274638,21:07:23.347635419,yes,8.070000,ask1,1000,00:00:00.000036681,0.100000,10.000000,0.970103,2,1,653,2947,21.250000,27.718200,58400,no
68,BUY,-0.032600,21:07:23.347635419,no,-,-,-,-,0.100000,10.000000,0.970103,2,1,658,2942,21.250000,27.507500,58400,no
69,BUY,0.114600,21:07:23.347635419,yes,8.070000,ask1,1000,00:00:00.000037303,0.100000,10.000000,0.970103,2,1,664,2936,21.250000,27.259000,58400,no
70,BUY,-0.452754,21:07:23.347635419,no,-,-,-,-,0.100000,10.000000,0.970103,2,1,669,2931,21.250000,28.550000,57400,no
71,BUY,-0.651669,21:07:23.347635419,no,-,-,-,-,0.100000,10.000000,0.970103,2,1,673,2927,21.250000,28.380300,57400,no
72,BUY,-0.287647,21:07:23.347635419,no,-,-,-,-,0.100000,10.000000,0.970103,2,1,679,2921,21.250000,28.129600,57400,no
73,BUY,-0.242682,21:07:23.347635419,no,-,-,-,-,0.100000,10.000000,0.970103,2,1,684,2916,21.250000,27.923900,57400,no
74,BUY,-0.280689,21:07:23.347635419,no,-,-,-,-,0.100000,10.000000,0.970103,2,1,688,2912,21.250000,27.761600,57400,no
75,BUY,0.067566,21:07:23.347635419,no,-,-,-,-,0.100000,10.000000,0.970103,2,1,694,2906,21.250000,27.521600,57400,no
76,BUY,-0.201026,21:07:23.347635419,no,-,-,-,-,0.100000,10.000000,0.970103,2,1,700,2900,21.250000,27.285700,57400,no
77,BUY,0.401898,21:07:23.347635419,yes,8.070000,ask1,1000,00:00:00.000045018,0.100000,10.000000,0.970103,2,1,706,2894,21.250000,28.470200,56400,no
78,BUY,0.074384,21:07:23.347635419,no,-,-,-,-,0.100000,10.000000,0.970103,2,1,712,2888,21.250000,28.230300,56400,no
79,BUY,0.109075,21:07:23.347635419,yes,8.070000,ask1,1000,00:00:00.000036873,0.100000,10.000000,0.970103,2,1,716,2884,21.250000,28.072600,56400,no
80,BUY,0.026633,21:07:23.347635419,no,-,-,-,-,0.100000,10.000000,0.970103,2,1,720,2880,21.250000,29.305500,55400,no
81,BUY,-0.153886,21:07:23.347635419,no,-,-,-,-,0.100000,10.000000,0.970103,2,1,725,2875,21.250000,29.103400,55400,no
82,BUY,-0.476982,21:07:23.347635419,no,-,-,-,-,0.100000,10.000000,0.970103,2,1,730,2870,21.250000,28.904100,55400,no
83,BUY,-0.366073,21:07:23.347635419,no,-,-,-,-,0.100000,10.000000,0.970103,2,1,737,2863,21.250000,28.629500,55400,no
84,BUY,-0.912939,21:07:23.347635419,no,-,-,-,-,0.100000,10.000000,0.970103,2,1,740,2860,21.250000,28.513500,55400,no
85,BUY,-0.833314,21:07:23.347635419,no,-,-,-,-,0.100000,10.000000,0.970103,2,1,746,2854,21.250000,28.284100,55400,no
86,BUY,-0.786930,21:07:23.347635419,no,-,-,-,-,0.100000,10.000000,0.970103,2,1,751,2849,21.250000,28.095800,55400,no
87,BUY,-0.674463,21:07:23.347635419,no,-,-,-,-,0.100000,10.000000,0.970103,2,1,756,2844,21.250000,27.910000,55400,no
88,BUY,-0.513327,21:07:23.347635419,no,-,-,-,-,0.100000,10.000000,0.970103,2,1,760,2840,21.250000,27.763100,55400,no
89,BUY,-0.618761,21:07:23.347635419,no,-,-,-,-,0.100000,10.000000,0.970103,2,1,766,2834,21.250000,27.545600,55400,no
90,BUY,-0.527787,21:07:23.347635419,no,-,-,-,-,0.100000,10.000000,0.970103,2,1,771,2829,21.250000,27.367000,55400,no
91,BUY,0.591731,21:07:23.347635419,yes,8.060000,ask1,1000,00:00:00.000036696,0.100000,10.000000,0.970103,2,1,774,2826,21.250000,28.552900,54400,no
92,BUY,-0.453951,21:07:23.347635419,no,-,-,-,-,0.100000,10.000000,0.970103,2,1,781,2819,21.250000,28.297000,54400,no
93,BUY,-0.787259,21:07:23.347635419,no,-,-,-,-,0.100000,10.000000,0.970103,2,1,785,2815,21.250000,28.152800,54400,no
94,BUY,0.104982,21:07:23.347635419,yes,8.060000,ask1,1000,00:00:00.000036871,0.100000,10.000000,0.970103,2,1,789,2811,21.250000,29.277500,53400,no
95,BUY,-0.011629,21:07:23.347635419,no,-,-,-,-,0.100000,10.000000,0.970103,2,1,794,2806,21.250000,29.093100,53400,no
96,BUY,0.131013,21:07:23.347635419,yes,8.060000,ask1,1000,00:00:00.000039771,0.100000,10.000000,0.970103,2,1,800,2800,21.250000,30.125000,52400,no
97,BUY,-0.194970,21:07:23.347635419,no,-,-,-,-,0.100000,10.000000,0.970103,2,1,805,2795,21.250000,29.937800,52400,no
98,BUY,-0.500886,21:07:23.347635419,no,-,-,-,-,0.100000,10.000000,0.970103,2,1,810,2790,21.250000,29.753000,52400,no
99,BUY,0.222882,21:07:23.347635419,yes,8.060000,ask1,1000,00:00:00.000037869,0.100000,10.000000,0.970103,2,1,816,2784,21.250000,29.534300,52400,no
100,BUY,-0.503474,21:07:23.347635419,no,-,-,-,-,0.100000,10.000000,0.970103,2,1,820,2780,21.250000,30.609700,51400,no
101,BUY,-0.585457,21:07:23.347635419,no,-,-,-,-,0.100000,10.000000,0.970103,2,1,824,2776,21.250000,30.461100,51400,no
102,BUY,-0.526302,21:07:23.347635419,no,-,-,-,-,0.100000,10.000000,0.970103,2,1,829,2771,21.250000,30.277400,51400,no
103,BUY,-0.360412,21:07:23.347635419,no,-,-,-,-,0.100000,10.000000,0.970103,2,1,834,2766,21.250000,30.095900,51400,no
104,BUY,-0.410353,21:07:23.347635419,no,-,-,-,-,0.100000,10.000000,0.970103,2,1,837,2763,21.250000,29.988000,51400,no
105,BUY,0.419577,21:07:23.347635419,yes,8.060000,ask1,1000,00:00:00.000038149,0.100000,10.000000,0.970103,2,1,843,2757,21.250000,30.960800,50400,no
106,BUY,0.007499,21:07:23.347635419,no,-,-,-,-,0.100000,10.000000,0.970103,2,1,848,2752,21.250000,30.778300,50400,no
107,BUY,0.038034,21:07:23.347635419,no,-,-,-,-,0.100000,10.000000,0.970103,2,1,851,2749,21.250000,30.669800,50400,no
108,BUY,-0.040452,21:07:23.347635419,no,-,-,-,-,0.100000,10.000000,0.970103,2,1,858,2742,21.250000,30.419500,50400,no
109,BUY,0.433792,21:07:23.347635419,yes,8.060000,ask1,1000,00:00:00.000035663,0.100000,10.000000,0.970103,2,1,862,2738,21.250000,30.278400,50400,no
110,BUY,0.170549,21:07:23.347635419,yes,8.060000,ask1,1000,00:00:00.000035391,0.100000,10.000000,0.970103,2,1,867,2733,21.250000,31.257200,49400,no
111,BUY,-0.152086,21:07:23.347635419,no,-,-,-,-,0.100000,10.000000,0.970103,2,1,871,2729,21.250000,32.261700,48400,no
112,BUY,-0.286502,21:07:23.347635419,no,-,-,-,-,0.100000,10.000000,0.970103,2,1,876,2724,21.250000,32.077600,48400,no
113,BUY,-0.710310,21:07:23.347635419,no,-,-,-,-,0.100000,10.000000,0.970103,2,1,880,2720,21.250000,31.931800,48400,no
114,BUY,-0.397293,21:07:23.347635419,no,-,-,-,-,0.100000,10.000000,0.970103,2,1,885,2715,21.250000,31.751400,48400,no
115,BUY,-0.448112,21:07:23.347635419,no,-,-,-,-,0.100000,10.000000,0.970103,2,1,892,2708,21.250000,31.502200,48400,no
116,BUY,-0.514705,21:07:23.347635419,no,-,-,-,-,0.100000,10.000000,0.970103,2,1,897,2703,21.250000,31.326600,48400,no
117,BUY,-0.434887,21:07:23.347635419,no,-,-,-,-,0.100000,10.000000,0.970103,2,1,902,2698,21.250000,31.152900,48400,no
118,BUY,-0.710919,21:07:23.347635419,no,-,-,-,-,0.100000,10.000000,0.970103,2,1,907,2693,21.250000,30.981200,48400,no
119,BUY,-0.946488,21:07:23.347635419,no,-,-,-,-,0.100000,10.000000,0.970103,2,1,1189,2411,21.250000,23.633300,48400,no
120,BUY,-0.826083,21:07:23.347635419,no,-,-,-,-,0.100000,10.000000,0.970103,2,1,1194,2406,21.250000,23.534300,48400,no
121,BUY,-1.222419,21:07:23.347635419,no,-,-,-,-,0.100000,10.000000,0.970103,2,1,1200,2400,21.250000,23.416600,48400,no
122,BUY,-0.400782,21:07:23.347635419,no,-,-,-,-,0.100000,10.000000,0.970103,2,1,1205,2395,21.250000,23.319500,48400,no
123,BUY,-0.559565,21:07:23.347635419,no,-,-,-,-,0.100000,10.000000,0.970103,2,1,1212,2388,21.250000,23.184800,48400,no
124,BUY,-0.191737,21:07:23.347635419,no,-,-,-,-,0.100000,10.000000,0.970103,2,1,1218,2382,21.250000,23.070600,48400,no
125,BUY,-0.390587,21:07:23.347635419,no,-,-,-,-,0.100000,10.000000,0.970103,2,1,1225,2375,21.250000,22.938700,48400,no
126,BUY,-0.017395,21:07:23.347635419,no,-,-,-,-,0.100000,10.000000,0.970103,2,1,1231,2369,21.250000,22.826900,48400,no
127,BUY,0.232016,21:07:23.347635419,yes,8.050000,ask1,1000,00:00:00.000036454,0.100000,10.000000,0.970103,2,1,1235,2365,21.250000,22.753000,48400,no
128,BUY,-0.004654,21:07:23.347635419,no,-,-,-,-,0.100000,10.000000,0.970103,2,1,1240,2360,21.250000,22.661200,48400,no
129,BUY,-0.158104,21:07:23.347635419,no,-,-,-,-,0.100000,10.000000,0.970103,2,1,1248,2352,21.250000,22.516000,48400,no
130,BUY,0.905248,21:07:23.347635419,yes,8.050000,ask1,1000,00:00:00.000036440,0.100000,10.000000,0.970103,2,1,1253,2347,21.250000,22.426100,48400,no
131,BUY,1.029119,21:07:23.347635419,yes,8.050000,ask1,1000,00:00:00.000035090,0.100000,10.000000,0.970103,2,1,1258,2342,21.250000,22.337000,48400,no
132,BUY,0.772199,21:07:23.347635419,yes,8.050000,ask1,1000,00:00:00.000037736,0.100000,10.000000,0.970103,2,1,1264,2336,21.250000,22.231000,48400,no
133,BUY,0.608142,21:07:23.347635419,yes,8.050000,ask1,1000,00:00:00.000036893,0.100000,10.000000,0.970103,2,1,1270,2330,21.250000,22.125900,48400,no
134,BUY,0.780338,21:07:23.347635419,yes,8.050000,ask1,1000,00:00:00.000035829,0.100000,10.000000,0.970103,2,1,1275,2325,21.250000,22.039200,48400,no
135,BUY,0.570480,21:07:23.347635419,yes,8.050000,ask1,1000,00:00:00.000038065,0.100000,10.000000,0.970103,2,1,1281,2319,21.250000,21.935900,48400,no
136,BUY,0.877133,21:07:23.347635419,yes,8.050000,ask1,1000,00:00:00.000037603,0.100000,10.000000,0.970103,2,1,1289,2311,21.250000,21.799800,48400,no
137,BUY,1.024149,21:07:23.347635419,yes,8.050000,ask1,1000,00:00:00.000036794,0.100000,10.000000,0.970103,2,1,1296,2304,21.250000,21.682000,48400,no
138,BUY,1.081589,21:07:23.347635419,yes,8.050000,ask1,1000,00:00:00.000035853,0.100000,10.000000,0.970103,2,1,1300,2300,21.250000,21.615300,48400,no
139,BUY,1.100169,21:07:23.347635419,yes,8.050000,ask1,1000,00:00:00.000037475,0.100000,10.000000,0.970103,2,1,1306,2294,21.250000,21.516000,48400,no
140,BUY,1.035046,21:07:23.347635419,yes,8.050000,ask1,1000,00:00:00.000035659,0.100000,10.000000,0.970103,2,1,1312,2288,21.250000,21.417600,48400,no
141,BUY,0.997247,21:07:23.347635419,yes,8.050000,ask1,1000,00:00:00.000036120,0.100000,10.000000,0.970103,2,1,1317,2283,21.250000,21.336300,48400,no
142,BUY,1.091051,21:07:23.347635419,yes,8.050000,ask1,1000,00:00:00.000035585,0.100000,10.000000,0.970103,2,1,1325,2275,21.250000,21.207500,48400,no
143,BUY,1.368586,21:07:23.347635419,yes,8.050000,ask1,1000,00:00:00.000038440,0.100000,10.000000,0.970103,2,1,1330,2270,21.250000,21.127800,48400,no
144,BUY,0.785611,21:07:23.347635419,yes,8.050000,ask1,1000,00:00:00.000036668,0.100000,10.000000,0.970103,2,1,1337,2263,21.250000,21.017200,48400,no
145,BUY,0.983089,21:07:23.347635419,yes,8.050000,ask1,1000,00:00:00.000038996,0.100000,10.000000,0.970103,2,1,1341,2259,21.250000,20.954500,48400,no
146,BUY,0.970732,21:07:23.347635419,yes,8.050000,ask1,1000,00:00:00.000038506,0.100000,10.000000,0.970103,2,1,1347,2253,21.250000,20.861100,48400,no
147,BUY,0.784816,21:07:23.347635419,yes,8.050000,ask1,1000,00:00:00.000037152,0.100000,10.000000,0.970103,2,1,1352,2248,21.250000,20.784000,48400,no
148,BUY,1.518929,21:07:23.347635419,yes,8.050000,ask1,1000,00:00:00.000036983,0.100000,10.000000,0.970103,2,1,1356,2244,21.250000,20.722700,48400,no
149,BUY,0.621898,21:07:23.347635419,yes,8.050000,ask1,1000,00:00:00.000036548,0.100000,10.000000,0.970103,2,1,1361,2239,21.250000,20.646500,48400,no
150,BUY,0.484980,21:07:23.347635419,yes,8.050000,ask1,1000,00:00:00.000038329,0.100000,10.000000,0.970103,2,1,1366,2234,21.250000,20.571000,48400,no
151,BUY,0.635375,21:07:23.347635419,yes,8.050000,ask1,1000,00:00:00.000036336,0.100000,10.000000,0.970103,2,1,1372,2228,21.250000,20.481000,48400,no
152,BUY,0.269418,21:07:23.347635419,yes,8.050000,ask1,1000,00:00:00.000060907,0.100000,10.000000,0.970103,2,1,1379,2221,21.250000,20.377000,48400,no
153,BUY,0.380196,21:07:23.347635419,yes,8.050000,ask1,1000,00:00:00.000035167,0.100000,10.000000,0.970103,2,1,1384,2216,21.250000,20.303400,48400,no
154,BUY,0.731915,21:07:23.347635419,yes,8.050000,ask1,1000,00:00:00.000037311,0.100000,10.000000,0.970103,2,1,1388,2212,21.250000,20.244900,48400,no
155,BUY,0.527251,21:07:23.347635419,yes,8.050000,ask1,1000,00:00:00.000036344,0.100000,10.000000,0.970103,2,1,1392,2208,21.250000,20.186700,48400,no
156,BUY,0.331105,21:07:23.347635419,yes,8.050000,ask1,1000,00:00:00.000036273,0.100000,10.000000,0.970103,2,1,1397,2203,21.250000,20.114500,48400,no
157,BUY,0.611637,21:07:23.347635419,yes,8.050000,ask1,1000,00:00:00.000039638,0.100000,10.000000,0.970103,2,1,1402,2198,21.250000,20.042700,48400,no
158,BUY,0.298299,21:07:23.347635419,yes,8.050000,ask1,1000,00:00:00.000035649,0.100000,10.000000,0.970103,2,1,1407,2193,21.250000,19.971500,48400,no
159,BUY,0.489287,21:07:23.347635419,yes,8.050000,ask1,1000,00:00:00.000036406,0.100000,10.000000,0.970103,2,1,1412,2188,21.250000,19.900800,48400,no
160,BUY,0.293142,21:07:23.347635419,yes,8.050000,ask1,1000,00:00:00.000035414,0.100000,10.000000,0.970103,2,1,1415,2185,21.250000,19.858600,48400,no
161,BUY,0.247021,21:07:23.347635419,yes,8.050000,ask1,1000,00:00:00.000036679,0.100000,10.000000,0.970103,2,1,1418,2182,21.250000,19.816600,48400,no
162,BUY,0.331250,21:07:23.347635419,yes,8.050000,ask1,1000,00:00:00.000036020,0.100000,10.000000,0.970103,2,1,1420,2180,21.250000,19.788700,48400,no
163,BUY,0.234218,21:07:23.347635419,yes,8.050000,ask1,1000,00:00:00.000035835,0.100000,10.000000,0.970103,2,1,1425,2175,21.250000,19.719200,48400,no
164,BUY,0.033522,21:07:23.347635419,no,-,-,-,-,0.100000,10.000000,0.970103,2,1,1429,2171,21.250000,19.664100,48400,no
165,BUY,0.173777,21:07:23.347635419,yes,8.050000,ask1,1000,00:00:00.000046342,0.100000,10.000000,0.970103,2,1,1435,2165,21.250000,19.581800,48400,no
166,BUY,0.087336,21:07:23.347635419,no,-,-,-,-,0.100000,10.000000,0.970103,2,1,1440,2160,21.250000,19.513800,48400,no
167,BUY,0.036851,21:07:23.347635419,no,-,-,-,-,0.100000,10.000000,0.970103,2,1,1446,2154,21.250000,19.432900,48400,no
168,BUY,-0.262545,21:07:23.347635419,no,-,-,-,-,0.100000,10.000000,0.970103,2,1,1451,2149,21.250000,19.365900,48400,no
169,BUY,-0.186104,21:07:23.347635419,no,-,-,-,-,0.100000,10.000000,0.970103,2,1,1454,2146,21.250000,19.325900,48400,no
170,BUY,-0.820911,21:07:23.347635419,no,-,-,-,-,0.100000,10.000000,0.970103,2,1,1459,2141,21.250000,19.259700,48400,no
171,BUY,-0.773998,21:07:23.347635419,no,-,-,-,-,0.100000,10.000000,0.970103,2,1,1465,2135,21.250000,19.180800,48400,no
172,BUY,-0.550903,21:07:23.347635419,no,-,-,-,-,0.100000,10.000000,0.970103,2,1,1468,2132,21.250000,19.141600,48400,no
173,BUY,-0.795937,21:07:23.347635419,no,-,-,-,-,0.100000,10.000000,0.970103,2,1,1475,2125,21.250000,19.050800,48400,no
174,BUY,-0.859772,21:07:23.347635419,no,-,-,-,-,0.100000,10.000000,0.970103,2,1,1479,2121,21.250000,18.999300,48400,no
175,BUY,-0.575543,21:07:23.347635419,no,-,-,-,-,0.100000,10.000000,0.970103,2,1,1482,2118,21.250000,18.960800,48400,no
176,BUY,0.144508,21:07:23.347635419,yes,8.040000,ask1,1000,00:00:00.000035569,0.100000,10.000000,0.970103,2,1,1487,2113,21.250000,18.897100,48400,no
177,BUY,0.156183,21:07:23.347635419,yes,8.050000,ask1,1000,00:00:00.000036244,0.100000,10.000000,0.970103,2,1,1492,2108,21.250000,18.833700,48400,no
178,BUY,-0.034413,21:07:23.347635419,no,-,-,-,-,0.100000,10.000000,0.970103,2,1,1499,2101,21.250000,18.745800,48400,no
179,BUY,-0.286316,21:07:23.347635419,no,-,-,-,-,0.100000,10.000000,0.970103,2,1,1505,2095,21.250000,18.671000,48400,no
180,BUY,0.365374,21:07:23.347635419,yes,8.040000,ask1,1000,00:00:00.000035989,0.100000,10.000000,0.970103,2,1,1509,2091,21.250000,18.621600,48400,no
181,BUY,0.264255,21:07:23.347635419,yes,8.040000,ask1,1000,00:00:00.000036531,0.100000,10.000000,0.970103,2,1,1514,2086,21.250000,18.560100,48400,no
182,BUY,0.095697,21:07:23.347635419,no,-,-,-,-,0.100000,10.000000,0.970103,2,1,1520,2080,21.250000,18.486800,48400,no
183,BUY,0.172344,21:07:23.347635419,yes,8.040000,ask1,1000,00:00:00.000036130,0.100000,10.000000,0.970103,2,1,1525,2075,21.250000,18.426200,48400,no
184,BUY,-0.347040,21:07:23.347635419,no,-,-,-,-,0.100000,10.000000,0.970103,2,1,1529,2071,21.250000,18.378000,48400,no
185,BUY,-0.492837,21:07:23.347635419,no,-,-,-,-,0.100000,10.000000,0.970103,2,1,1533,2067,21.250000,18.330000,48400,no
186,BUY,-0.657302,21:07:23.347635419,no,-,-,-,-,0.100000,10.000000,0.970103,2,1,1541,2059,21.250000,18.234900,48400,no
187,BUY,-0.349399,21:07:23.347635419,no,-,-,-,-,0.100000,10.000000,0.970103,2,1,1545,2055,21.250000,18.187700,48400,no
188,BUY,-0.432673,21:07:23.347635419,no,-,-,-,-,0.100000,10.000000,0.970103,2,1,1548,2052,21.250000,18.152400,48400,no
189,BUY,-0.554032,21:07:23.347635419,no,-,-,-,-,0.100000,10.000000,0.970103,2,1,1552,2048,21.250000,18.105600,48400,no
190,BUY,-1.391419,21:07:23.347635419,no,-,-,-,-,0.100000,10.000000,0.970103,2,1,1557,2043,21.250000,18.047500,48400,no
191,BUY,-0.442855,21:07:23.347635419,no,-,-,-,-,0.100000,10.000000,0.970103,2,1,1562,2038,21.250000,17.989700,48400,no
192,BUY,-0.088724,21:07:23.347635419,no,-,-,-,-,0.100000,10.000000,0.970103,2,1,1567,2033,21.250000,17.932300,48400,no
193,BUY,-0.533954,21:07:23.347635419,no,-,-,-,-,0.100000,10.000000,0.970103,2,1,1573,2027,21.250000,17.863900,48400,no
194,BUY,-0.374124,21:07:23.347635419,no,-,-,-,-,0.100000,10.000000,0.970103,2,1,1578,2022,21.250000,17.807300,48400,no
195,BUY,0.027275,21:07:23.347635419,no,-,-,-,-,0.100000,10.000000,0.970103,2,1,1583,2017,21.250000,17.751100,48400,no
196,BUY,0.148063,21:07:23.347635419,yes,8.030000,ask1,1000,00:00:00.000035133,0.100000,10.000000,0.970103,2,1,1587,2013,21.250000,17.706300,48400,no
197,BUY,-0.610846,21:07:23.347635419,no,-,-,-,-,0.100000,10.000000,0.970103,2,1,1591,2009,21.250000,17.661800,48400,no
198,BUY,-0.633656,21:07:23.347635419,no,-,-,-,-,0.100000,10.000000,0.970103,2,1,1597,2003,21.250000,17.595400,48400,no
199,BUY,-0.331371,21:07:23.347635419,no,-,-,-,-,0.100000,10.000000,0.970103,2,1,1603,1997,21.250000,17.529600,48400,no
200,BUY,0.716733,21:07:23.347635419,yes,8.020000,ask1,1000,00:00:00.000036585,0.100000,10.000000,0.970103,2,1,1606,1994,21.250000,17.496800,48400,no
201,BUY,1.438565,21:07:23.347635419,yes,8.020000,ask1,1000,00:00:00.000035833,0.100000,10.000000,0.970103,2,1,1610,1990,21.250000,17.453400,48400,no
202,BUY,0.927091,21:07:23.347635419,yes,8.030000,ask1,1000,00:00:00.000034086,0.100000,10.000000,0.970103,2,1,1616,1984,21.250000,17.388600,48400,no
203,BUY,0.254288,21:07:23.347635419,yes,8.030000,ask1,1000,00:00:00.000035849,0.100000,10.000000,0.970103,2,1,1619,1981,21.250000,17.356300,48400,no
204,BUY,0.429038,21:07:23.347635419,yes,8.030000,ask1,1000,00:00:00.000035410,0.100000,10.000000,0.970103,2,1,1624,1976,21.250000,17.302900,48400,no
205,BUY,-0.362642,21:07:23.347635419,no,-,-,-,-,0.100000,10.000000,0.970103,2,1,1630,1970,21.250000,17.239200,48400,no
206,BUY,-0.150081,21:07:23.347635419,no,-,-,-,-,0.100000,10.000000,0.970103,2,1,1637,1963,21.250000,17.165500,48400,no
207,BUY,-0.031080,21:07:23.347635419,no,-,-,-,-,0.100000,10.000000,0.970103,2,1,1642,1958,21.250000,17.113200,48400,no
208,BUY,0.158141,21:07:23.347635419,yes,8.020000,ask1,1000,00:00:00.000035362,0.100000,10.000000,0.970103,2,1,1645,1955,21.250000,17.082000,48400,no
209,BUY,0.101409,21:07:23.347635419,yes,8.020000,ask1,1000,00:00:00.000035503,0.100000,10.000000,0.970103,2,1,1648,1952,21.250000,17.050900,48400,no
210,BUY,0.256787,21:07:23.347635419,yes,8.020000,ask1,1000,00:00:00.000036104,0.100000,10.000000,0.970103,2,1,1653,1947,21.250000,16.999300,48400,no
211,BUY,0.315398,21:07:23.347635419,yes,8.020000,ask1,1000,00:00:00.000063883,0.100000,10.000000,0.970103,2,1,1657,1943,21.250000,16.958300,48400,no
212,BUY,-0.343914,21:07:23.347635419,no,-,-,-,-,0.100000,10.000000,0.970103,2,1,1662,1938,21.250000,16.907300,48400,no
213,BUY,0.347459,21:07:23.347635419,yes,8.020000,ask1,1000,00:00:00.000034031,0.100000,10.000000,0.970103,2,1,1666,1934,21.250000,16.866700,48400,no
214,BUY,0.775919,21:07:23.347635419,yes,8.020000,ask1,1000,00:00:00.000034730,0.100000,10.000000,0.970103,2,1,1669,1931,21.250000,16.836400,48400,no
215,BUY,0.825976,21:07:23.347635419,yes,8.020000,ask1,1000,00:00:00.000064761,0.100000,10.000000,0.970103,2,1,1673,1927,21.250000,16.796100,48400,no
216,BUY,1.025877,21:07:23.347635419,yes,7.950000,ask1,48400,00:00:00.000026312,0.100000,10.000000,0.970103,2,1,4927,-1327,21.250000,5.703200,48400,yes
217,BUY,2.148943,21:07:23.347635419,yes,7.950000,ask1,48400,00:00:00.000025368,0.100000,10.000000,0.970103,2,1,4934,-1334,21.250000,5.695100,48400,yes
218,BUY,3.080631,21:07:23.347635419,yes,7.950000,ask1,48400,00:00:00.000032211,0.100000,10.000000,0.970103,2,1,4941,-1341,21.250000,5.687100,48400,yes
219,BUY,2.157307,21:07:23.347635419,yes,7.950000,ask1,48400,00:00:00.000024399,0.100000,10.000000,0.970103,2,1,4947,-1347,21.250000,5.680200,48400,yes
220,BUY,3.654521,21:07:23.347635419,yes,7.940000,ask1,48400,00:00:00.000024999,0.100000,10.000000,0.970103,2,1,4952,-1352,21.250000,5.674400,48400,yes
221,BUY,2.356888,21:07:23.347635419,yes,7.940000,ask1,48400,00:00:00.000025543,0.100000,10.000000,0.970103,2,1,4959,-1359,21.250000,5.666400,48400,yes
222,BUY,2.470028,21:07:23.347635419,yes,7.940000,ask1,48400,00:00:00.000025443,0.100000,10.000000,0.970103,2,1,4965,-1365,21.250000,5.659600,48400,yes
223,BUY,3.499598,21:07:23.347635419,yes,7.940000,ask1,48400,00:00:00.000024466,0.100000,10.000000,0.970103,2,1,4970,-1370,21.250000,5.653900,48400,yes
224,BUY,4.515898,21:07:23.347635419,yes,7.940000,ask1,48400,00:00:00.000023843,0.100000,10.000000,0.970103,2,1,4977,-1377,21.250000,5.645900,48400,yes
225,BUY,3.468253,21:07:23.347635419,yes,7.940000,ask1,48400,00:00:00.000029745,0.100000,10.000000,0.970103,2,1,4983,-1383,21.250000,5.639100,48400,yes
226,BUY,3.427699,21:07:23.347635419,yes,7.940000,ask1,48400,00:00:00.000024708,0.100000,10.000000,0.970103,2,1,4990,-1390,21.250000,5.631200,48400,yes
227,BUY,2.356721,21:07:23.347635419,yes,7.940000,ask1,48400,00:00:00.000025099,0.100000,10.000000,0.970103,2,1,4997,-1397,21.250000,5.623300,48400,yes
228,BUY,2.392230,21:07:23.347635419,yes,7.940000,ask1,48400,00:00:00.000023588,0.100000,10.000000,0.970103,2,1,5003,-1403,21.250000,5.616600,48400,yes
229,BUY,2.012724,21:07:23.347635419,yes,7.940000,ask1,48400,00:00:00.000024842,0.100000,10.000000,0.970103,2,1,5010,-1410,21.250000,5.608700,48400,yes
230,BUY,2.176862,21:07:23.347635419,yes,7.940000,ask1,48400,00:00:00.000024795,0.100000,10.000000,0.970103,2,1,5015,-1415,21.250000,5.603100,48400,yes
231,BUY,0.987350,21:07:23.347635419,yes,7.940000,ask1,48400,00:00:00.000024531,0.100000,10.000000,0.970103,2,1,5020,-1420,21.250000,5.597600,48400,yes
232,BUY,2.232513,21:07:23.347635419,yes,7.940000,ask1,48400,00:00:00.000033267,0.100000,10.000000,0.970103,2,1,5025,-1425,21.250000,5.592000,48400,yes
233,BUY,1.300499,21:07:23.347635419,yes,7.940000,ask1,48400,00:00:00.000026090,0.100000,10.000000,0.970103,2,1,5030,-1430,21.250000,5.586400,48400,yes
234,BUY,1.339945,21:07:23.347635419,yes,7.940000,ask1,48400,00:00:00.000024887,0.100000,10.000000,0.970103,2,1,5035,-1435,21.250000,5.580900,48400,yes
235,BUY,1.462416,21:07:23.347635419,yes,7.940000,ask1,48400,00:00:00.000025397,0.100000,10.000000,0.970103,2,1,5040,-1440,21.250000,5.575300,48400,yes
236,BUY,2.537090,21:07:23.347635419,yes,7.940000,ask1,48400,00:00:00.000025583,0.100000,10.000000,0.970103,2,1,5045,-1445,21.250000,5.569800,48400,yes
237,BUY,0.158099,21:07:23.347635419,yes,7.940000,ask1,48400,00:00:00.000024732,0.100000,10.000000,0.970103,2,1,5053,-1453,21.250000,5.561000,48400,yes
238,BUY,0.302152,21:07:23.347635419,yes,7.940000,ask1,48400,00:00:00.000024768,0.100000,10.000000,0.970103,2,1,5058,-1458,21.250000,5.555500,48400,yes
239,BUY,0.560478,21:07:23.347635419,yes,7.940000,ask1,48400,00:00:00.000033134,0.100000,10.000000,0.970103,2,1,5063,-1463,21.250000,5.550000,48400,yes
240,BUY,1.558339,21:07:23.347635419,yes,7.940000,ask1,48400,00:00:00.000024765,0.100000,10.000000,0.970103,2,1,5068,-1468,21.250000,5.544500,48400,yes
241,BUY,1.458864,21:07:23.347635419,yes,7.940000,ask1,48400,00:00:00.000029403,0.100000,10.000000,0.970103,2,1,5071,-1471,21.250000,5.541300,48400,yes
242,BUY,1.139383,21:07:23.347635419,yes,7.940000,ask1,20300,00:00:00.000025735,0.100000,10.000000,0.970103,2,1,5075,-1475,21.250000,11.073800,20300,yes
