轮数,方向,预测值,算法开始时间,是否下单,下单价格,档位,下单量,下单耗时(从预测到下单),r1,r2,std,freq,qty_scalar,经过时间,剩余时间,目标速度,实际速度,剩余量,是否为最后一轮
1,SELL,-0.218534,21:07:23.351195383,no,-,-,-,-,0.909091,1.100000,0.796560,2,1,332,3268,2.500000,0.000000,9000,no
2,SELL,-0.429723,21:07:23.351195383,no,-,-,-,-,0.826446,1.210000,0.796560,2,1,337,3263,2.500000,0.000000,9000,no
3,SELL,-0.270529,21:07:23.351195383,no,-,-,-,-,0.751315,1.331000,0.796560,2,1,341,3259,2.500000,0.000000,9000,no
4,SELL,0.121529,21:07:23.351195383,no,-,-,-,-,0.683013,1.464100,0.796560,2,1,347,3253,2.500000,0.000000,9000,no
5,SELL,-0.339081,21:07:23.351195383,no,-,-,-,-,0.620921,1.610510,0.796560,2,1,352,3248,2.500000,0.000000,9000,no
6,SELL,0.193429,21:07:23.351195383,no,-,-,-,-,0.564474,1.771561,0.796560,2,1,357,3243,2.500000,0.000000,9000,no
7,SELL,0.718312,21:07:23.351195383,no,-,-,-,-,0.513158,1.948717,0.796560,2,1,361,3239,2.500000,0.000000,9000,no
8,SELL,-0.248349,21:07:23.351195383,no,-,-,-,-,0.466507,2.143589,0.796560,2,1,365,3235,2.500000,0.000000,9000,no
9,SELL,-0.027041,21:07:23.351195383,no,-,-,-,-,0.424098,2.357948,0.796560,2,1,369,3231,2.500000,0.000000,9000,no
10,SELL,-0.155656,21:07:23.351195383,no,-,-,-,-,0.385543,2.593742,0.796560,2,1,374,3226,2.500000,0.000000,9000,no
11,SELL,-0.589380,21:07:23.351195383,yes,103.400000,bid1,200,00:00:00.000040829,0.350494,2.853117,0.796560,2,1,378,3222,2.500000,0.529100,8800,no
12,SELL,-0.873024,21:07:23.351195383,yes,103.390000,bid1,300,00:00:00.000036936,0.318631,3.138428,0.796560,2,1,384,3216,2.500000,1.302000,8500,no
13,SELL,-1.476275,21:07:23.351195383,yes,103.390000,bid1,300,00:00:00.000037718,0.289664,3.452271,0.796560,2,1,390,3210,2.500000,2.051200,8200,no
14,SELL,-0.953759,21:07:23.351195383,yes,103.350000,bid1,300,00:00:00.000073247,0.263331,3.797498,0.796560,2,1,396,3204,2.500000,2.777700,7900,no
15,SELL,-0.658087,21:07:23.351195383,yes,103.350000,bid1,300,00:00:00.000035267,0.263331,3.797498,0.796560,2,1,400,3200,2.500000,3.500000,7600,no
16,SELL,-0.896722,21:07:23.351195383,yes,103.350000,bid1,300,00:00:00.000037090,0.263331,3.797498,0.796560,2,1,406,3194,2.500000,4.187100,7300,no
17,SELL,-0.887957,21:07:23.351195383,yes,103.360000,bid1,300,00:00:00.000047032,0.263331,3.797498,0.796560,2,1,410,3190,2.500000,4.878000,7000,no
18,SELL,-0.856468,21:07:23.351195383,yes,103.370000,bid1,300,00:00:00.000035262,0.263331,3.797498,0.796560,2,1,413,3187,2.500000,5.569000,6700,no
19,SELL,-1.089240,21:07:23.351195383,yes,103.310000,bid1,300,00:00:00.000040434,0.289664,3.452271,0.796560,2,1,417,3183,2.500000,5.515500,6700,no
20,SELL,-0.647368,21:07:23.351195383,yes,103.310000,bid1,300,00:00:00.000039191,0.318631,3.138428,0.796560,2,1,422,3178,2.500000,6.161100,6400,no
21,SELL,-0.472488,21:07:23.351195383,yes,103.290000,bid1,200,00:00:00.000039070,0.350494,2.853117,0.796560,2,1,426,3174,2.500000,7.276900,5900,no
22,SELL,-0.571918,21:07:23.351195383,yes,103.290000,bid1,200,00:00:00.000037593,0.385543,2.593742,0.796560,2,1,431,3169,2.500000,7.192500,5900,no
23,SELL,-0.884923,21:07:23.351195383,yes,103.290000,bid1,200,00:00:00.000046970,0.424098,2.357948,0.796560,2,1,437,3163,2.500000,8.009100,5500,no
24,SELL,-1.021281,21:07:23.351195383,yes,103.310000,bid1,200,00:00:00.000036741,0.466507,2.143589,0.796560,2,1,441,3159,2.500000,7.936500,5500,no
25,SELL,-0.604774,21:07:23.351195383,yes,103.290000,bid1,100,00:00:00.000036684,0.513158,1.948717,0.796560,2,1,445,3155,2.500000,8.314600,5300,no
26,SELL,-0.461373,21:07:23.351195383,yes,103.290000,bid1,100,00:00:00.000046875,0.564474,1.771561,0.796560,2,1,450,3150,2.500000,8.444400,5200,no
27,SELL,-0.557498,21:07:23.351195383,yes,103.250000,bid1,100,00:00:00.000040482,0.620921,1.610510,0.796560,2,1,455,3145,2.500000,8.571400,5100,no
28,SELL,-0.640535,21:07:23.351195383,yes,103.230000,bid1,100,00:00:00.000062606,0.683013,1.464100,0.796560,2,1,461,3139,2.500000,8.893700,4900,no
29,SELL,-0.534185,21:07:23.351195383,no,-,-,-,-,0.751315,1.331000,0.796560,2,1,465,3135,2.500000,8.817200,4900,no
30,SELL,-0.570894,21:07:23.351195383,no,-,-,-,-,0.826446,1.210000,0.796560,2,1,469,3131,2.500000,8.742000,4900,no
31,SELL,-0.708772,21:07:23.351195383,no,-,-,-,-,0.909091,1.100000,0.796560,2,1,474,3126,2.500000,8.649700,4900,no
32,SELL,-0.274805,21:07:23.351195383,no,-,-,-,-,1.000000,1.000000,0.796560,2,1,478,3122,2.500000,8.577400,4900,no
33,SELL,-0.490378,21:07:23.351195383,no,-,-,-,-,1.100000,0.909091,0.796560,2,1,483,3117,2.500000,8.488600,4900,no
34,SELL,-0.596199,21:07:23.351195383,no,-,-,-,-,1.210000,0.826446,0.796560,2,1,488,3112,2.500000,8.401600,4900,no
35,SELL,-0.032992,21:07:23.351195383,no,-,-,-,-,1.331000,0.751315,0.796560,2,1,491,3109,2.500000,8.350300,4900,no
36,SELL,-0.148701,21:07:23.351195383,no,-,-,-,-,1.464100,0.683013,0.796560,2,1,497,3103,2.500000,8.249400,4900,no
37,SELL,-0.040335,21:07:23.351195383,no,-,-,-,-,1.610510,0.620921,0.796560,2,1,503,3097,2.500000,8.151000,4900,no
38,SELL,-0.174647,21:07:23.351195383,no,-,-,-,-,1.771561,0.564474,0.796560,2,1,507,3093,2.500000,8.086700,4900,no
39,SELL,0.069190,21:07:23.351195383,no,-,-,-,-,1.948717,0.513158,0.796560,2,1,511,3089,2.500000,8.023400,4900,no
40,SELL,0.144887,21:07:23.351195383,no,-,-,-,-,2.143589,0.466507,0.796560,2,1,516,3084,2.500000,7.945700,4900,no
41,SELL,-0.454491,21:07:23.351195383,no,-,-,-,-,2.357948,0.424098,0.796560,2,1,522,3078,2.500000,7.854400,4900,no
42,SELL,-1.152377,21:07:23.351195383,no,-,-,-,-,2.593742,0.385543,0.796560,2,1,528,3072,2.500000,7.765100,4900,no
43,SELL,-0.837393,21:07:23.351195383,no,-,-,-,-,2.853117,0.350494,0.796560,2,1,532,3068,2.500000,7.706700,4900,no
44,SELL,-0.387463,21:07:23.351195383,no,-,-,-,-,3.138428,0.318631,0.796560,2,1,537,3063,2.500000,7.635000,4900,no
45,SELL,-0.266083,21:07:23.351195383,no,-,-,-,-,3.452271,0.289664,0.796560,2,1,541,3059,2.500000,7.578500,4900,no
46,SELL,-0.369767,21:07:23.351195383,no,-,-,-,-,3.797498,0.263331,0.796560,2,1,546,3054,2.500000,7.509100,4900,no
47,SELL,0.090362,21:07:23.351195383,no,-,-,-,-,4.177248,0.239392,0.796560,2,1,552,3048,2.500000,7.427500,4900,no
48,SELL,0.027426,21:07:23.351195383,no,-,-,-,-,4.594973,0.217629,0.796560,2,1,556,3044,2.500000,7.374100,4900,no
49,SELL,-0.456753,21:07:23.351195383,no,-,-,-,-,5.054470,0.197845,0.796560,2,1,561,3039,2.500000,7.308300,4900,no
50,SELL,-0.534781,21:07:23.351195383,no,-,-,-,-,5.559917,0.179859,0.796560,2,1,567,3033,2.500000,7.231000,4900,no
51,SELL,-0.184361,21:07:23.351195383,no,-,-,-,-,6.115909,0.163508,0.796560,2,1,572,3028,2.500000,7.167800,4900,no
52,SELL,0.187539,21:07:23.351195383,no,-,-,-,-,6.727500,0.148644,0.796560,2,1,577,3023,2.500000,7.105700,4900,no
53,SELL,0.078538,21:07:23.351195383,no,-,-,-,-,7.400250,0.135131,0.796560,2,1,581,3019,2.500000,7.056700,4900,no
54,SELL,0.179880,21:07:23.351195383,no,-,-,-,-,8.140275,0.122846,0.796560,2,1,585,3015,2.500000,7.008500,4900,no
55,SELL,-0.111903,21:07:23.351195383,no,-,-,-,-,8.954302,0.111678,0.796560,2,1,590,3010,2.500000,6.949100,4900,no
56,SELL,-0.344092,21:07:23.351195383,no,-,-,-,-,9.849733,0.101526,0.796560,2,1,596,3004,2.500000,6.879100,4900,no
57,SELL,-0.473786,21:07:23.351195383,no,-,-,-,-,10.000000,0.100000,0.796560,2,1,602,2998,2.500000,6.810600,4900,no
58,SELL,-1.087136,21:07:23.351195383,no,-,-,-,-,10.000000,0.100000,0.796560,2,1,607,2993,2.500000,6.754500,4900,no
59,SELL,-1.014743,21:07:23.351195383,no,-,-,-,-,10.000000,0.100000,0.796560,2,1,612,2988,2.500000,6.699300,4900,no
60,SELL,-1.795086,21:07:23.351195383,no,-,-,-,-,10.000000,0.100000,0.796560,2,1,618,2982,2.500000,6.634300,4900,no
61,SELL,-2.096321,21:07:23.351195383,no,-,-,-,-,10.000000,0.100000,0.796560,2,1,622,2978,2.500000,6.591600,4900,no
62,SELL,-1.730681,21:07:23.351195383,no,-,-,-,-,10.000000,0.100000,0.796560,2,1,628,2972,2.500000,6.528600,4900,no
63,SELL,-0.850668,21:07:23.351195383,no,-,-,-,-,10.000000,0.100000,0.796560,2,1,636,2964,2.500000,6.446500,4900,no
64,SELL,-0.645965,21:07:23.351195383,no,-,-,-,-,10.000000,0.100000,0.796560,2,1,640,2960,2.500000,6.406200,4900,no
65,SELL,-0.081914,21:07:23.351195383,no,-,-,-,-,10.000000,0.100000,0.796560,2,1,643,2957,2.500000,6.376300,4900,no
66,SELL,0.082688,21:07:23.351195383,no,-,-,-,-,10.000000,0.100000,0.796560,2,1,647,2953,2.500000,6.336900,4900,no
67,SELL,-0.015995,21:07:23.351195383,no,-,-,-,-,10.000000,0.100000,0.796560,2,1,651,2949,2.500000,6.298000,4900,no
68,SELL,0.223209,21:07:23.351195383,no,-,-,-,-,10.000000,0.100000,0.796560,2,1,657,2943,2.500000,6.240400,4900,no
69,SELL,-0.059573,21:07:23.351195383,no,-,-,-,-,10.000000,0.100000,0.796560,2,1,663,2937,2.500000,6.184000,4900,no
70,SELL,-0.735435,21:07:23.351195383,no,-,-,-,-,10.000000,0.100000,0.796560,2,1,668,2932,2.500000,6.137700,4900,no
71,SELL,-0.785062,21:07:23.351195383,no,-,-,-,-,10.000000,0.100000,0.796560,2,1,672,2928,2.500000,6.101100,4900,no
72,SELL,-0.206519,21:07:23.351195383,no,-,-,-,-,10.000000,0.100000,0.796560,2,1,677,2923,2.500000,6.056100,4900,no
73,SELL,0.157855,21:07:23.351195383,no,-,-,-,-,10.000000,0.100000,0.796560,2,1,682,2918,2.500000,6.011700,4900,no
74,SELL,0.115051,21:07:23.351195383,no,-,-,-,-,10.000000,0.100000,0.796560,2,1,686,2914,2.500000,5.976600,4900,no
75,SELL,-0.393741,21:07:23.351195383,no,-,-,-,-,10.000000,0.100000,0.796560,2,1,691,2909,2.500000,5.933400,4900,no
76,SELL,-0.273073,21:07:23.351195383,no,-,-,-,-,10.000000,0.100000,0.796560,2,1,700,2900,2.500000,5.857100,4900,no
77,SELL,-0.440887,21:07:23.351195383,no,-,-,-,-,10.000000,0.100000,0.796560,2,1,705,2895,2.500000,5.815600,4900,no
78,SELL,-0.779877,21:07:23.351195383,no,-,-,-,-,10.000000,0.100000,0.796560,2,1,709,2891,2.500000,5.782700,4900,no
79,SELL,0.664768,21:07:23.351195383,no,-,-,-,-,10.000000,0.100000,0.796560,2,1,715,2885,2.500000,5.734200,4900,no
80,SELL,-0.169487,21:07:23.351195383,no,-,-,-,-,10.000000,0.100000,0.796560,2,1,719,2881,2.500000,5.702300,4900,no
81,SELL,0.400134,21:07:23.351195383,no,-,-,-,-,10.000000,0.100000,0.796560,2,1,724,2876,2.500000,5.662900,4900,no
82,SELL,-0.348709,21:07:23.351195383,no,-,-,-,-,10.000000,0.100000,0.796560,2,1,728,2872,2.500000,5.631800,4900,no
83,SELL,0.347376,21:07:23.351195383,no,-,-,-,-,10.000000,0.100000,0.796560,2,1,734,2866,2.500000,5.585800,4900,no
84,SELL,-0.222665,21:07:23.351195383,no,-,-,-,-,10.000000,0.100000,0.796560,2,1,739,2861,2.500000,5.548000,4900,no
85,SELL,0.338984,21:07:23.351195383,no,-,-,-,-,10.000000,0.100000,0.796560,2,1,744,2856,2.500000,5.510700,4900,no
86,SELL,-2.032665,21:07:23.351195383,no,-,-,-,-,10.000000,0.100000,0.796560,2,1,750,2850,2.500000,5.466600,4900,no
87,SELL,0.130469,21:07:23.351195383,no,-,-,-,-,10.000000,0.100000,0.796560,2,1,754,2846,2.500000,5.437600,4900,no
88,SELL,-0.819527,21:07:23.351195383,no,-,-,-,-,10.000000,0.100000,0.796560,2,1,758,2842,2.500000,5.408900,4900,no
89,SELL,0.178180,21:07:23.351195383,no,-,-,-,-,10.000000,0.100000,0.796560,2,1,765,2835,2.500000,5.359400,4900,no
90,SELL,0.918859,21:07:23.351195383,no,-,-,-,-,10.000000,0.100000,0.796560,2,1,768,2832,2.500000,5.338500,4900,no
91,SELL,-0.138327,21:07:23.351195383,no,-,-,-,-,10.000000,0.100000,0.796560,2,1,773,2827,2.500000,5.304000,4900,no
92,SELL,0.606789,21:07:23.351195383,no,-,-,-,-,10.000000,0.100000,0.796560,2,1,778,2822,2.500000,5.269900,4900,no
93,SELL,0.092742,21:07:23.351195383,no,-,-,-,-,10.000000,0.100000,0.796560,2,1,784,2816,2.500000,5.229500,4900,no
94,SELL,0.985232,21:07:23.351195383,no,-,-,-,-,10.000000,0.100000,0.796560,2,1,788,2812,2.500000,5.203000,4900,no
95,SELL,1.592738,21:07:23.351195383,no,-,-,-,-,10.000000,0.100000,0.796560,2,1,792,2808,2.500000,5.176700,4900,no
96,SELL,1.928492,21:07:23.351195383,no,-,-,-,-,10.000000,0.100000,0.796560,2,1,797,2803,2.500000,5.144200,4900,no
97,SELL,1.248634,21:07:23.351195383,no,-,-,-,-,10.000000,0.100000,0.796560,2,1,803,2797,2.500000,5.105800,4900,no
98,SELL,1.913114,21:07:23.351195383,no,-,-,-,-,10.000000,0.100000,0.796560,2,1,808,2792,2.500000,5.074200,4900,no
99,SELL,1.794391,21:07:23.351195383,no,-,-,-,-,10.000000,0.100000,0.796560,2,1,812,2788,2.500000,5.049200,4900,no
100,SELL,1.209225,21:07:23.351195383,no,-,-,-,-,10.000000,0.100000,0.796560,2,1,819,2781,2.500000,5.006100,4900,no
101,SELL,1.136208,21:07:23.351195383,no,-,-,-,-,10.000000,0.100000,0.796560,2,1,822,2778,2.500000,4.987800,4900,no
102,SELL,2.113710,21:07:23.351195383,no,-,-,-,-,10.000000,0.100000,0.796560,2,1,826,2774,2.500000,4.963600,4900,no
103,SELL,0.522818,21:07:23.351195383,no,-,-,-,-,10.000000,0.100000,0.796560,2,1,832,2768,2.500000,4.927800,4900,no
104,SELL,1.238595,21:07:23.351195383,no,-,-,-,-,10.000000,0.100000,0.796560,2,1,836,2764,2.500000,4.904300,4900,no
105,SELL,0.427043,21:07:23.351195383,no,-,-,-,-,10.000000,0.100000,0.796560,2,1,840,2760,2.500000,4.880900,4900,no
106,SELL,0.735511,21:07:23.351195383,no,-,-,-,-,10.000000,0.100000,0.796560,2,1,845,2755,2.500000,4.852000,4900,no
107,SELL,0.844953,21:07:23.351195383,no,-,-,-,-,10.000000,0.100000,0.796560,2,1,850,2750,2.500000,4.823500,4900,no
108,SELL,1.197578,21:07:23.351195383,no,-,-,-,-,10.000000,0.100000,0.796560,2,1,855,2745,2.500000,4.795300,4900,no
109,SELL,0.775959,21:07:23.351195383,no,-,-,-,-,10.000000,0.100000,0.796560,2,1,860,2740,2.500000,4.767400,4900,no
110,SELL,1.207893,21:07:23.351195383,no,-,-,-,-,10.000000,0.100000,0.796560,2,1,864,2736,2.500000,4.745300,4900,no
111,SELL,0.224670,21:07:23.351195383,no,-,-,-,-,10.000000,0.100000,0.796560,2,1,869,2731,2.500000,4.718000,4900,no
112,SELL,0.619595,21:07:23.351195383,no,-,-,-,-,10.000000,0.100000,0.796560,2,1,874,2726,2.500000,4.691000,4900,no
113,SELL,-0.535264,21:07:23.351195383,no,-,-,-,-,10.000000,0.100000,0.796560,2,1,879,2721,2.500000,4.664300,4900,no
114,SELL,-0.533436,21:07:23.351195383,no,-,-,-,-,10.000000,0.100000,0.796560,2,1,883,2717,2.500000,4.643200,4900,no
115,SELL,-0.586095,21:07:23.351195383,no,-,-,-,-,10.000000,0.100000,0.796560,2,1,889,2711,2.500000,4.611900,4900,no
116,SELL,-0.996084,21:07:23.351195383,no,-,-,-,-,10.000000,0.100000,0.796560,2,1,894,2706,2.500000,4.586100,4900,no
117,SELL,-1.073358,21:07:23.351195383,no,-,-,-,-,10.000000,0.100000,0.796560,2,1,900,2700,2.500000,4.555500,4900,no
118,SELL,-1.176176,21:07:23.351195383,no,-,-,-,-,10.000000,0.100000,0.796560,2,1,904,2696,2.500000,4.535300,4900,no
119,SELL,-1.305822,21:07:23.351195383,no,-,-,-,-,10.000000,0.100000,0.796560,2,1,909,2691,2.500000,4.510400,4900,no
120,SELL,-1.234728,21:07:23.351195383,no,-,-,-,-,10.000000,0.100000,0.796560,2,1,1192,2408,2.500000,3.439500,4900,no
121,SELL,-1.019898,21:07:23.351195383,no,-,-,-,-,10.000000,0.100000,0.796560,2,1,1198,2402,2.500000,3.422300,4900,no
122,SELL,-0.434430,21:07:23.351195383,no,-,-,-,-,10.000000,0.100000,0.796560,2,1,1204,2396,2.500000,3.405300,4900,no
123,SELL,-0.953890,21:07:23.351195383,no,-,-,-,-,10.000000,0.100000,0.796560,2,1,1210,2390,2.500000,3.388400,4900,no
124,SELL,-1.565893,21:07:23.351195383,no,-,-,-,-,10.000000,0.100000,0.796560,2,1,1216,2384,2.500000,3.371700,4900,no
125,SELL,-1.256514,21:07:23.351195383,no,-,-,-,-,10.000000,0.100000,0.796560,2,1,1222,2378,2.500000,3.355100,4900,no
126,SELL,-0.591071,21:07:23.351195383,no,-,-,-,-,10.000000,0.100000,0.796560,2,1,1228,2372,2.500000,3.338700,4900,no
127,SELL,0.043141,21:07:23.351195383,no,-,-,-,-,10.000000,0.100000,0.796560,2,1,1234,2366,2.500000,3.322500,4900,no
128,SELL,-0.121341,21:07:23.351195383,no,-,-,-,-,10.000000,0.100000,0.796560,2,1,1238,2362,2.500000,3.311700,4900,no
129,SELL,-0.167716,21:07:23.351195383,no,-,-,-,-,10.000000,0.100000,0.796560,2,1,1244,2356,2.500000,3.295800,4900,no
130,SELL,0.010825,21:07:23.351195383,no,-,-,-,-,10.000000,0.100000,0.796560,2,1,1251,2349,2.500000,3.277300,4900,no
131,SELL,0.107615,21:07:23.351195383,no,-,-,-,-,10.000000,0.100000,0.796560,2,1,1256,2344,2.500000,3.264300,4900,no
132,SELL,-0.399526,21:07:23.351195383,no,-,-,-,-,10.000000,0.100000,0.796560,2,1,1261,2339,2.500000,3.251300,4900,no
133,SELL,-0.125652,21:07:23.351195383,no,-,-,-,-,10.000000,0.100000,0.796560,2,1,1268,2332,2.500000,3.233400,4900,no
134,SELL,0.672731,21:07:23.351195383,no,-,-,-,-,10.000000,0.100000,0.796560,2,1,1273,2327,2.500000,3.220700,4900,no
135,SELL,0.588696,21:07:23.351195383,no,-,-,-,-,10.000000,0.100000,0.796560,2,1,1277,2323,2.500000,3.210600,4900,no
136,SELL,1.037661,21:07:23.351195383,no,-,-,-,-,10.000000,0.100000,0.796560,2,1,1286,2314,2.500000,3.188100,4900,no
137,SELL,1.009558,21:07:23.351195383,no,-,-,-,-,10.000000,0.100000,0.796560,2,1,1293,2307,2.500000,3.170900,4900,no
138,SELL,1.216162,21:07:23.351195383,no,-,-,-,-,10.000000,0.100000,0.796560,2,1,1299,2301,2.500000,3.156200,4900,no
139,SELL,1.312701,21:07:23.351195383,no,-,-,-,-,10.000000,0.100000,0.796560,2,1,1303,2297,2.500000,3.146500,4900,no
140,SELL,1.997411,21:07:23.351195383,no,-,-,-,-,10.000000,0.100000,0.796560,2,1,1310,2290,2.500000,3.129700,4900,no
141,SELL,1.574794,21:07:23.351195383,no,-,-,-,-,10.000000,0.100000,0.796560,2,1,1315,2285,2.500000,3.117800,4900,no
142,SELL,0.942148,21:07:23.351195383,no,-,-,-,-,10.000000,0.100000,0.796560,2,1,1321,2279,2.500000,3.103700,4900,no
143,SELL,1.998194,21:07:23.351195383,no,-,-,-,-,10.000000,0.100000,0.796560,2,1,1328,2272,2.500000,3.087300,4900,no
144,SELL,2.181392,21:07:23.351195383,no,-,-,-,-,10.000000,0.100000,0.796560,2,1,1335,2265,2.500000,3.071100,4900,no
145,SELL,0.240378,21:07:23.351195383,no,-,-,-,-,10.000000,0.100000,0.796560,2,1,1341,2259,2.500000,3.057400,4900,no
146,SELL,0.060982,21:07:23.351195383,no,-,-,-,-,10.000000,0.100000,0.796560,2,1,1344,2256,2.500000,3.050500,4900,no
147,SELL,-0.289756,21:07:23.351195383,no,-,-,-,-,10.000000,0.100000,0.796560,2,1,1349,2251,2.500000,3.039200,4900,no
148,SELL,-0.430543,21:07:23.351195383,no,-,-,-,-,10.000000,0.100000,0.796560,2,1,1355,2245,2.500000,3.025800,4900,no
149,SELL,0.859889,21:07:23.351195383,no,-,-,-,-,10.000000,0.100000,0.796560,2,1,1359,2241,2.500000,3.016900,4900,no
150,SELL,0.667522,21:07:23.351195383,no,-,-,-,-,10.000000,0.100000,0.796560,2,1,1364,2236,2.500000,3.005800,4900,no
151,SELL,1.165107,21:07:23.351195383,no,-,-,-,-,10.000000,0.100000,0.796560,2,1,1370,2230,2.500000,2.992700,4900,no
152,SELL,-0.561137,21:07:23.351195383,no,-,-,-,-,10.000000,0.100000,0.796560,2,1,1376,2224,2.500000,2.979600,4900,no
153,SELL,0.845744,21:07:23.351195383,no,-,-,-,-,10.000000,0.100000,0.796560,2,1,1382,2218,2.500000,2.966700,4900,no
154,SELL,0.376237,21:07:23.351195383,no,-,-,-,-,10.000000,0.100000,0.796560,2,1,1385,2215,2.500000,2.960200,4900,no
155,SELL,0.363093,21:07:23.351195383,no,-,-,-,-,10.000000,0.100000,0.796560,2,1,1391,2209,2.500000,2.947500,4900,no
156,SELL,0.099236,21:07:23.351195383,no,-,-,-,-,10.000000,0.100000,0.796560,2,1,1395,2205,2.500000,2.939000,4900,no
157,SELL,-0.323432,21:07:23.351195383,no,-,-,-,-,10.000000,0.100000,0.796560,2,1,1401,2199,2.500000,2.926400,4900,no
158,SELL,0.424668,21:07:23.351195383,no,-,-,-,-,10.000000,0.100000,0.796560,2,1,1406,2194,2.500000,2.916000,4900,no
159,SELL,0.404362,21:07:23.351195383,no,-,-,-,-,10.000000,0.100000,0.796560,2,1,1410,2190,2.500000,2.907800,4900,no
160,SELL,0.545868,21:07:23.351195383,no,-,-,-,-,10.000000,0.100000,0.796560,2,1,1414,2186,2.500000,2.899500,4900,no
161,SELL,1.000168,21:07:23.351195383,no,-,-,-,-,10.000000,0.100000,0.796560,2,1,1417,2183,2.500000,2.893400,4900,no
162,SELL,0.870296,21:07:23.351195383,no,-,-,-,-,10.000000,0.100000,0.796560,2,1,1420,2180,2.500000,2.887300,4900,no
163,SELL,1.130240,21:07:23.351195383,no,-,-,-,-,10.000000,0.100000,0.796560,2,1,1424,2176,2.500000,2.879200,4900,no
164,SELL,0.965058,21:07:23.351195383,no,-,-,-,-,10.000000,0.100000,0.796560,2,1,1427,2173,2.500000,2.873100,4900,no
165,SELL,0.944023,21:07:23.351195383,no,-,-,-,-,10.000000,0.100000,0.796560,2,1,1433,2167,2.500000,2.861100,4900,no
166,SELL,-0.127038,21:07:23.351195383,no,-,-,-,-,10.000000,0.100000,0.796560,2,1,1438,2162,2.500000,2.851100,4900,no
167,SELL,0.049547,21:07:23.351195383,no,-,-,-,-,10.000000,0.100000,0.796560,2,1,1443,2157,2.500000,2.841300,4900,no
168,SELL,-0.207596,21:07:23.351195383,no,-,-,-,-,10.000000,0.100000,0.796560,2,1,1449,2151,2.500000,2.829500,4900,no
169,SELL,-0.163249,21:07:23.351195383,no,-,-,-,-,10.000000,0.100000,0.796560,2,1,1452,2148,2.500000,2.823600,4900,no
170,SELL,0.871457,21:07:23.351195383,no,-,-,-,-,10.000000,0.100000,0.796560,2,1,1456,2144,2.500000,2.815900,4900,no
171,SELL,0.537001,21:07:23.351195383,no,-,-,-,-,10.000000,0.100000,0.796560,2,1,1462,2138,2.500000,2.804300,4900,no
172,SELL,0.576653,21:07:23.351195383,no,-,-,-,-,10.000000,0.100000,0.796560,2,1,1466,2134,2.500000,2.796700,4900,no
173,SELL,0.253129,21:07:23.351195383,no,-,-,-,-,10.000000,0.100000,0.796560,2,1,1472,2128,2.500000,2.785300,4900,no
174,SELL,1.189252,21:07:23.351195383,no,-,-,-,-,10.000000,0.100000,0.796560,2,1,1476,2124,2.500000,2.777700,4900,no
175,SELL,-0.683680,21:07:23.351195383,no,-,-,-,-,10.000000,0.100000,0.796560,2,1,1481,2119,2.500000,2.768300,4900,no
176,SELL,-0.719186,21:07:23.351195383,no,-,-,-,-,10.000000,0.100000,0.796560,2,1,1485,2115,2.500000,2.760900,4900,no
177,SELL,-0.984995,21:07:23.351195383,no,-,-,-,-,10.000000,0.100000,0.796560,2,1,1490,2110,2.500000,2.751600,4900,no
178,SELL,-1.519706,21:07:23.351195383,no,-,-,-,-,10.000000,0.100000,0.796560,2,1,1496,2104,2.500000,2.740600,4900,no
179,SELL,-1.512945,21:07:23.351195383,no,-,-,-,-,10.000000,0.100000,0.796560,2,1,1503,2097,2.500000,2.727800,4900,no
180,SELL,-1.091554,21:07:23.351195383,no,-,-,-,-,10.000000,0.100000,0.796560,2,1,1507,2093,2.500000,2.720600,4900,no
181,SELL,-1.447505,21:07:23.351195383,no,-,-,-,-,10.000000,0.100000,0.796560,2,1,1512,2088,2.500000,2.711600,4900,no
182,SELL,-1.291916,21:07:23.351195383,no,-,-,-,-,10.000000,0.100000,0.796560,2,1,1518,2082,2.500000,2.700900,4900,no
183,SELL,-0.746922,21:07:23.351195383,no,-,-,-,-,10.000000,0.100000,0.796560,2,1,1523,2077,2.500000,2.692000,4900,no
184,SELL,-1.993976,21:07:23.351195383,no,-,-,-,-,10.000000,0.100000,0.796560,2,1,1527,2073,2.500000,2.685000,4900,no
185,SELL,-1.041014,21:07:23.351195383,no,-,-,-,-,10.000000,0.100000,0.796560,2,1,1530,2070,2.500000,2.679700,4900,no
186,SELL,-1.074915,21:07:23.351195383,no,-,-,-,-,10.000000,0.100000,0.796560,2,1,1538,2062,2.500000,2.665700,4900,no
187,SELL,-1.152904,21:07:23.351195383,no,-,-,-,-,10.000000,0.100000,0.796560,2,1,1543,2057,2.500000,2.657100,4900,no
188,SELL,-1.756825,21:07:23.351195383,no,-,-,-,-,10.000000,0.100000,0.796560,2,1,1547,2053,2.500000,2.650200,4900,no
189,SELL,-1.964560,21:07:23.351195383,no,-,-,-,-,10.000000,0.100000,0.796560,2,1,1550,2050,2.500000,2.645100,4900,no
190,SELL,-0.771181,21:07:23.351195383,no,-,-,-,-,10.000000,0.100000,0.796560,2,1,1554,2046,2.500000,2.638300,4900,no
191,SELL,1.534011,21:07:23.351195383,no,-,-,-,-,10.000000,0.100000,0.796560,2,1,1561,2039,2.500000,2.626500,4900,no
192,SELL,0.110417,21:07:23.351195383,no,-,-,-,-,10.000000,0.100000,0.796560,2,1,1566,2034,2.500000,2.618100,4900,no
193,SELL,-0.317358,21:07:23.351195383,no,-,-,-,-,10.000000,0.100000,0.796560,2,1,1570,2030,2.500000,2.611400,4900,no
194,SELL,1.288831,21:07:23.351195383,no,-,-,-,-,10.000000,0.100000,0.796560,2,1,1576,2024,2.500000,2.601500,4900,no
195,SELL,-0.413822,21:07:23.351195383,no,-,-,-,-,10.000000,0.100000,0.796560,2,1,1581,2019,2.500000,2.593200,4900,no
196,SELL,-0.754802,21:07:23.351195383,no,-,-,-,-,10.000000,0.100000,0.796560,2,1,1586,2014,2.500000,2.585100,4900,no
197,SELL,-0.255106,21:07:23.351195383,no,-,-,-,-,10.000000,0.100000,0.796560,2,1,1590,2010,2.500000,2.578600,4900,no
198,SELL,0.915704,21:07:23.351195383,no,-,-,-,-,10.000000,0.100000,0.796560,2,1,1595,2005,2.500000,2.570500,4900,no
199,SELL,-0.320896,21:07:23.351195383,no,-,-,-,-,10.000000,0.100000,0.796560,2,1,1601,1999,2.500000,2.560800,4900,no
200,SELL,0.569301,21:07:23.351195383,no,-,-,-,-,10.000000,0.100000,0.796560,2,1,1604,1996,2.500000,2.556100,4900,no
201,SELL,1.334951,21:07:23.351195383,no,-,-,-,-,10.000000,0.100000,0.796560,2,1,1609,1991,2.500000,2.548100,4900,no
202,SELL,0.898526,21:07:23.351195383,no,-,-,-,-,10.000000,0.100000,0.796560,2,1,1615,1985,2.500000,2.538600,4900,no
203,SELL,-0.526918,21:07:23.351195383,no,-,-,-,-,10.000000,0.100000,0.796560,2,1,1619,1981,2.500000,2.532400,4900,no
204,SELL,-0.544081,21:07:23.351195383,no,-,-,-,-,10.000000,0.100000,0.796560,2,1,1622,1978,2.500000,2.527700,4900,no
205,SELL,-1.011874,21:07:23.351195383,no,-,-,-,-,10.000000,0.100000,0.796560,2,1,1627,1973,2.500000,2.519900,4900,no
206,SELL,-0.376709,21:07:23.351195383,no,-,-,-,-,10.000000,0.100000,0.796560,2,1,1634,1966,2.500000,2.509100,4900,no
207,SELL,-1.044948,21:07:23.351195383,no,-,-,-,-,10.000000,0.100000,0.796560,2,1,1639,1961,2.500000,2.501500,4900,no
208,SELL,-3.040263,21:07:23.351195383,no,-,-,-,-,9.090909,0.110000,0.796560,2,1,1644,1956,2.500000,2.493900,4900,no
209,SELL,-3.146512,21:07:23.351195383,no,-,-,-,-,8.264463,0.121000,0.796560,2,1,1647,1953,2.500000,2.489300,4900,no
210,SELL,-1.960520,21:07:23.351195383,no,-,-,-,-,7.513148,0.133100,0.796560,2,1,1650,1950,2.500000,2.484800,4900,no
211,SELL,-2.804072,21:07:23.351195383,no,-,-,-,-,6.830135,0.146410,0.796560,2,1,1655,1945,2.500000,2.477300,4900,no
212,SELL,-0.995918,21:07:23.351195383,no,-,-,-,-,6.209213,0.161051,0.796560,2,1,1660,1940,2.500000,2.469800,4900,no
213,SELL,-1.860166,21:07:23.351195383,no,-,-,-,-,5.644739,0.177156,0.796560,2,1,1664,1936,2.500000,2.463900,4900,no
214,SELL,-2.249945,21:07:23.351195383,no,-,-,-,-,5.131581,0.194872,0.796560,2,1,1667,1933,2.500000,2.459500,4900,no
215,SELL,-1.860909,21:07:23.351195383,no,-,-,-,-,4.665074,0.214359,0.796560,2,1,1671,1929,2.500000,2.453600,4900,no
216,SELL,1.238830,21:07:23.351195383,yes,102.540000,ask1,4900,00:00:00.000025020,4.240976,0.235795,0.796560,2,1,4931,-1331,2.500000,0.831400,4900,yes
217,SELL,0.875652,21:07:23.351195383,yes,102.510000,ask1,4900,00:00:00.000025846,3.855433,0.259374,0.796560,2,1,4938,-1338,2.500000,0.830200,4900,yes
218,SELL,2.668434,21:07:23.351195383,yes,102.510000,ask1,4900,00:00:00.000024437,3.504939,0.285312,0.796560,2,1,4944,-1344,2.500000,0.829200,4900,yes
219,SELL,2.180547,21:07:23.351195383,yes,102.510000,ask1,4900,00:00:00.000024516,3.186308,0.313843,0.796560,2,1,4950,-1350,2.500000,0.828200,4900,yes
220,SELL,1.301398,21:07:23.351195383,yes,102.510000,ask1,4900,00:00:00.000031341,2.896644,0.345227,0.796560,2,1,4956,-1356,2.500000,0.827200,4900,yes
221,SELL,-0.246886,21:07:23.351195383,no,-,-,-,-,2.633313,0.379750,0.796560,2,1,4962,-1362,2.500000,0.826200,4900,yes
222,SELL,-0.346145,21:07:23.351195383,no,-,-,-,-,2.393920,0.417725,0.796560,2,1,4967,-1367,2.500000,0.825400,4900,yes
223,SELL,0.539094,21:07:23.351195383,no,-,-,-,-,2.176291,0.459497,0.796560,2,1,4975,-1375,2.500000,0.824100,4900,yes
224,SELL,0.384132,21:07:23.351195383,no,-,-,-,-,1.978447,0.505447,0.796560,2,1,4982,-1382,2.500000,0.822900,4900,yes
225,SELL,0.194523,21:07:23.351195383,no,-,-,-,-,1.798588,0.555992,0.796560,2,1,4987,-1387,2.500000,0.822100,4900,yes
226,SELL,-0.553415,21:07:23.351195383,no,-,-,-,-,1.635080,0.611591,0.796560,2,1,4994,-1394,2.500000,0.820900,4900,yes
227,SELL,-0.642822,21:07:23.351195383,no,-,-,-,-,1.486436,0.672750,0.796560,2,1,5001,-1401,2.500000,0.819800,4900,yes
228,SELL,0.269721,21:07:23.351195383,no,-,-,-,-,1.351306,0.740025,0.796560,2,1,5007,-1407,2.500000,0.818800,4900,yes
229,SELL,-0.566776,21:07:23.351195383,no,-,-,-,-,1.228460,0.814027,0.796560,2,1,5014,-1414,2.500000,0.817700,4900,yes
230,SELL,0.160944,21:07:23.351195383,no,-,-,-,-,1.116782,0.895430,0.796560,2,1,5018,-1418,2.500000,0.817000,4900,yes
231,SELL,0.782055,21:07:23.351195383,no,-,-,-,-,1.015256,0.984973,0.796560,2,1,5023,-1423,2.500000,0.816200,4900,yes
232,SELL,-0.322167,21:07:23.351195383,no,-,-,-,-,0.922960,1.083471,0.796560,2,1,5028,-1428,2.500000,0.815400,4900,yes
233,SELL,0.249983,21:07:23.351195383,no,-,-,-,-,0.839055,1.191818,0.796560,2,1,5033,-1433,2.500000,0.814600,4900,yes
234,SELL,0.183983,21:07:23.351195383,no,-,-,-,-,0.762777,1.310999,0.796560,2,1,5038,-1438,2.500000,0.813800,4900,yes
235,SELL,0.325532,21:07:23.351195383,no,-,-,-,-,0.693433,1.442099,0.796560,2,1,5044,-1444,2.500000,0.812800,4900,yes
236,SELL,0.275143,21:07:23.351195383,no,-,-,-,-,0.630394,1.586309,0.796560,2,1,5050,-1450,2.500000,0.811800,4900,yes
237,SELL,0.819075,21:07:23.351195383,no,-,-,-,-,0.573086,1.744940,0.796560,2,1,5056,-1456,2.500000,0.810900,4900,yes
238,SELL,0.376191,21:07:23.351195383,no,-,-,-,-,0.520987,1.919434,0.796560,2,1,5061,-1461,2.500000,0.810100,4900,yes
239,SELL,0.036395,21:07:23.351195383,no,-,-,-,-,0.473624,2.111378,0.796560,2,1,5066,-1466,2.500000,0.809300,4900,yes
240,SELL,-0.417844,21:07:23.351195383,no,-,-,-,-,0.430568,2.322515,0.796560,2,1,5069,-1469,2.500000,0.808800,4900,yes
241,SELL,0.343406,21:07:23.351195383,yes,102.480000,ask1,4900,00:00:00.000025104,0.391425,2.554767,0.796560,2,1,5073,-1473,2.500000,1.616400,800,yes
