轮数,方向,预测值,算法开始时间,是否下单,下单价格,档位,下单量,下单耗时(从预测到下单),r1,r2,std,freq,qty_scalar,经过时间,剩余时间,目标速度,实际速度,剩余量,是否为最后一轮
1,SELL,-0.243981,21:07:23.351580702,no,-,-,-,-,0.909091,1.100000,0.623336,2,1,333,3267,1.250000,0.000000,4500,no
2,SELL,-0.566962,21:07:23.351580702,yes,5.100000,bid1,100,00:00:00.000038864,0.826446,1.210000,0.623336,2,1,338,3262,1.250000,0.295800,4400,no
3,SELL,-0.504856,21:07:23.351580702,yes,5.100000,bid1,100,00:00:00.000045768,0.751315,1.331000,0.623336,2,1,343,3257,1.250000,0.583000,4300,no
4,SELL,-0.606251,21:07:23.351580702,yes,5.100000,bid1,100,00:00:00.000036724,0.683013,1.464100,0.623336,2,1,348,3252,1.250000,0.862000,4200,no
5,SELL,-0.429790,21:07:23.351580702,yes,5.100000,bid1,100,00:00:00.000040724,0.620921,1.610510,0.623336,2,1,352,3248,1.250000,1.136300,4100,no
6,SELL,-0.177438,21:07:23.351580702,no,-,-,-,-,0.564474,1.771561,0.623336,2,1,359,3241,1.250000,1.114200,4100,no
7,SELL,0.150682,21:07:23.351580702,no,-,-,-,-,0.513158,1.948717,0.623336,2,1,362,3238,1.250000,1.104900,4100,no
8,SELL,-0.043302,21:07:23.351580702,no,-,-,-,-,0.466507,2.143589,0.623336,2,1,367,3233,1.250000,1.089900,4100,no
9,SELL,-0.126166,21:07:23.351580702,no,-,-,-,-,0.424098,2.357948,0.623336,2,1,376,3224,1.250000,1.063800,4100,no
10,SELL,0.145972,21:07:23.351580702,no,-,-,-,-,0.385543,2.593742,0.623336,2,1,381,3219,1.250000,1.049800,4100,no
11,SELL,0.046237,21:07:23.351580702,no,-,-,-,-,0.350494,2.853117,0.623336,2,1,386,3214,1.250000,1.036200,4100,no
12,SELL,-0.044510,21:07:23.351580702,no,-,-,-,-,0.318631,3.138428,0.623336,2,1,392,3208,1.250000,1.020400,4100,no
13,SELL,0.043740,21:07:23.351580702,no,-,-,-,-,0.289664,3.452271,0.623336,2,1,402,3198,1.250000,0.995000,4100,no
14,SELL,0.240421,21:07:23.351580702,no,-,-,-,-,0.263331,3.797498,0.623336,2,1,408,3192,1.250000,0.980300,4100,no
15,SELL,0.113170,21:07:23.351580702,no,-,-,-,-,0.239392,4.177248,0.623336,2,1,414,3186,1.250000,0.966100,4100,no
16,SELL,-0.002195,21:07:23.351580702,no,-,-,-,-,0.217629,4.594973,0.623336,2,1,419,3181,1.250000,0.954600,4100,no
17,SELL,0.262241,21:07:23.351580702,no,-,-,-,-,0.197845,5.054470,0.623336,2,1,423,3177,1.250000,0.945600,4100,no
18,SELL,0.251771,21:07:23.351580702,no,-,-,-,-,0.179859,5.559917,0.623336,2,1,428,3172,1.250000,0.934500,4100,no
19,SELL,0.314070,21:07:23.351580702,no,-,-,-,-,0.163508,6.115909,0.623336,2,1,433,3167,1.250000,0.923700,4100,no
20,SELL,0.060834,21:07:23.351580702,no,-,-,-,-,0.148644,6.727500,0.623336,2,1,438,3162,1.250000,0.913200,4100,no
21,SELL,0.072257,21:07:23.351580702,no,-,-,-,-,0.135131,7.400250,0.623336,2,1,443,3157,1.250000,0.902900,4100,no
22,SELL,0.111893,21:07:23.351580702,no,-,-,-,-,0.122846,8.140275,0.623336,2,1,447,3153,1.250000,0.894800,4100,no
23,SELL,0.001518,21:07:23.351580702,no,-,-,-,-,0.111678,8.954302,0.623336,2,1,458,3142,1.250000,0.873300,4100,no
24,SELL,0.029469,21:07:23.351580702,no,-,-,-,-,0.101526,9.849733,0.623336,2,1,463,3137,1.250000,0.863900,4100,no
25,SELL,0.100890,21:07:23.351580702,no,-,-,-,-,0.100000,10.000000,0.623336,2,1,466,3134,1.250000,0.858300,4100,no
26,SELL,0.032378,21:07:23.351580702,no,-,-,-,-,0.100000,10.000000,0.623336,2,1,471,3129,1.250000,0.849200,4100,no
27,SELL,0.092720,21:07:23.351580702,no,-,-,-,-,0.100000,10.000000,0.623336,2,1,475,3125,1.250000,0.842100,4100,no
28,SELL,0.308476,21:07:23.351580702,no,-,-,-,-,0.100000,10.000000,0.623336,2,1,480,3120,1.250000,0.833300,4100,no
29,SELL,0.109007,21:07:23.351580702,no,-,-,-,-,0.100000,10.000000,0.623336,2,1,485,3115,1.250000,0.824700,4100,no
30,SELL,0.157528,21:07:23.351580702,no,-,-,-,-,0.100000,10.000000,0.623336,2,1,495,3105,1.250000,0.808000,4100,no
31,SELL,0.037012,21:07:23.351580702,no,-,-,-,-,0.100000,10.000000,0.623336,2,1,501,3099,1.250000,0.798400,4100,no
32,SELL,0.247493,21:07:23.351580702,no,-,-,-,-,0.100000,10.000000,0.623336,2,1,508,3092,1.250000,0.787400,4100,no
33,SELL,0.334251,21:07:23.351580702,no,-,-,-,-,0.100000,10.000000,0.623336,2,1,514,3086,1.250000,0.778200,4100,no
34,SELL,0.289733,21:07:23.351580702,no,-,-,-,-,0.100000,10.000000,0.623336,2,1,519,3081,1.250000,0.770700,4100,no
35,SELL,0.336461,21:07:23.351580702,no,-,-,-,-,0.100000,10.000000,0.623336,2,1,523,3077,1.250000,0.764800,4100,no
36,SELL,0.322071,21:07:23.351580702,no,-,-,-,-,0.100000,10.000000,0.623336,2,1,528,3072,1.250000,0.757500,4100,no
37,SELL,0.232248,21:07:23.351580702,no,-,-,-,-,0.100000,10.000000,0.623336,2,1,538,3062,1.250000,0.743400,4100,no
38,SELL,0.201642,21:07:23.351580702,no,-,-,-,-,0.100000,10.000000,0.623336,2,1,543,3057,1.250000,0.736600,4100,no
39,SELL,-0.029372,21:07:23.351580702,no,-,-,-,-,0.100000,10.000000,0.623336,2,1,548,3052,1.250000,0.729900,4100,no
40,SELL,-0.090225,21:07:23.351580702,yes,5.100000,bid1,1000,00:00:00.000037002,0.100000,10.000000,0.623336,2,1,558,3042,1.250000,2.508900,3100,no
41,SELL,-0.211894,21:07:23.351580702,yes,5.100000,bid1,1000,00:00:00.000035497,0.100000,10.000000,0.623336,2,1,569,3031,1.250000,2.460400,3100,no
42,SELL,0.036317,21:07:23.351580702,no,-,-,-,-,0.110000,9.090909,0.623336,2,1,574,3026,1.250000,4.181100,2100,no
43,SELL,-0.185018,21:07:23.351580702,yes,5.100000,bid1,800,00:00:00.000038185,0.121000,8.264463,0.623336,2,1,578,3022,1.250000,5.536300,1300,no
44,SELL,-0.044955,21:07:23.351580702,no,-,-,-,-,0.133100,7.513148,0.623336,2,1,583,3017,1.250000,5.488800,1300,no
45,SELL,0.124532,21:07:23.351580702,no,-,-,-,-,0.146410,6.830135,0.623336,2,1,587,3013,1.250000,5.451400,1300,no
46,SELL,0.124303,21:07:23.351580702,no,-,-,-,-,0.161051,6.209213,0.623336,2,1,599,3001,1.250000,5.342200,1300,no
47,SELL,0.263118,21:07:23.351580702,no,-,-,-,-,0.177156,5.644739,0.623336,2,1,605,2995,1.250000,5.289200,1300,no
48,SELL,0.343895,21:07:23.351580702,no,-,-,-,-,0.194872,5.131581,0.623336,2,1,609,2991,1.250000,5.254500,1300,no
49,SELL,0.500741,21:07:23.351580702,no,-,-,-,-,0.214359,4.665074,0.623336,2,1,620,2980,1.250000,5.161200,1300,no
50,SELL,0.632068,21:07:23.351580702,no,-,-,-,-,0.235795,4.240976,0.623336,2,1,624,2976,1.250000,5.128200,1300,no
51,SELL,0.588774,21:07:23.351580702,no,-,-,-,-,0.259374,3.855433,0.623336,2,1,632,2968,1.250000,5.063200,1300,no
52,SELL,0.382726,21:07:23.351580702,no,-,-,-,-,0.285312,3.504939,0.623336,2,1,640,2960,1.250000,5.000000,1300,no
53,SELL,0.553277,21:07:23.351580702,no,-,-,-,-,0.313843,3.186308,0.623336,2,1,644,2956,1.250000,4.968900,1300,no
54,SELL,0.477188,21:07:23.351580702,no,-,-,-,-,0.345227,2.896644,0.623336,2,1,649,2951,1.250000,4.930600,1300,no
55,SELL,0.428481,21:07:23.351580702,no,-,-,-,-,0.379750,2.633313,0.623336,2,1,658,2942,1.250000,4.863200,1300,no
56,SELL,0.473458,21:07:23.351580702,no,-,-,-,-,0.417725,2.393920,0.623336,2,1,664,2936,1.250000,4.819200,1300,no
57,SELL,0.807418,21:07:23.351580702,no,-,-,-,-,0.459497,2.176291,0.623336,2,1,673,2927,1.250000,4.754800,1300,no
58,SELL,0.462373,21:07:23.351580702,no,-,-,-,-,0.505447,1.978447,0.623336,2,1,679,2921,1.250000,4.712800,1300,no
59,SELL,0.469671,21:07:23.351580702,no,-,-,-,-,0.555992,1.798588,0.623336,2,1,684,2916,1.250000,4.678300,1300,no
60,SELL,0.474586,21:07:23.351580702,no,-,-,-,-,0.611591,1.635080,0.623336,2,1,694,2906,1.250000,4.610900,1300,no
61,SELL,0.545590,21:07:23.351580702,no,-,-,-,-,0.672750,1.486436,0.623336,2,1,712,2888,1.250000,4.494300,1300,no
62,SELL,0.478412,21:07:23.351580702,no,-,-,-,-,0.740025,1.351306,0.623336,2,1,716,2884,1.250000,4.469200,1300,no
63,SELL,0.447818,21:07:23.351580702,no,-,-,-,-,0.814027,1.228460,0.623336,2,1,722,2878,1.250000,4.432100,1300,no
64,SELL,0.371058,21:07:23.351580702,no,-,-,-,-,0.895430,1.116782,0.623336,2,1,725,2875,1.250000,4.413700,1300,no
65,SELL,0.409277,21:07:23.351580702,no,-,-,-,-,0.984973,1.015256,0.623336,2,1,730,2870,1.250000,4.383500,1300,no
66,SELL,0.354716,21:07:23.351580702,no,-,-,-,-,1.083471,0.922960,0.623336,2,1,737,2863,1.250000,4.341900,1300,no
67,SELL,0.249405,21:07:23.351580702,no,-,-,-,-,1.191818,0.839055,0.623336,2,1,740,2860,1.250000,4.324300,1300,no
68,SELL,0.239684,21:07:23.351580702,no,-,-,-,-,1.310999,0.762777,0.623336,2,1,751,2849,1.250000,4.260900,1300,no
69,SELL,0.140796,21:07:23.351580702,no,-,-,-,-,1.442099,0.693433,0.623336,2,1,756,2844,1.250000,4.232800,1300,no
70,SELL,0.073407,21:07:23.351580702,no,-,-,-,-,1.586309,0.630394,0.623336,2,1,760,2840,1.250000,4.210500,1300,no
71,SELL,0.089684,21:07:23.351580702,no,-,-,-,-,1.744940,0.573086,0.623336,2,1,771,2829,1.250000,4.150400,1300,no
72,SELL,0.491517,21:07:23.351580702,no,-,-,-,-,1.919434,0.520987,0.623336,2,1,774,2826,1.250000,4.134300,1300,no
73,SELL,0.476978,21:07:23.351580702,no,-,-,-,-,2.111378,0.473624,0.623336,2,1,781,2819,1.250000,4.097300,1300,no
74,SELL,0.481277,21:07:23.351580702,no,-,-,-,-,2.322515,0.430568,0.623336,2,1,785,2815,1.250000,4.076400,1300,no
75,SELL,0.439112,21:07:23.351580702,no,-,-,-,-,2.554767,0.391425,0.623336,2,1,789,2811,1.250000,4.055700,1300,no
76,SELL,0.532798,21:07:23.351580702,no,-,-,-,-,2.810244,0.355841,0.623336,2,1,794,2806,1.250000,4.030200,1300,no
77,SELL,0.301451,21:07:23.351580702,no,-,-,-,-,3.091268,0.323492,0.623336,2,1,816,2784,1.250000,3.921500,1300,no
78,SELL,0.287184,21:07:23.351580702,no,-,-,-,-,3.400395,0.294083,0.623336,2,1,820,2780,1.250000,3.902400,1300,no
79,SELL,0.221541,21:07:23.351580702,no,-,-,-,-,3.740434,0.267349,0.623336,2,1,824,2776,1.250000,3.883400,1300,no
80,SELL,0.208051,21:07:23.351580702,no,-,-,-,-,4.114478,0.243044,0.623336,2,1,829,2771,1.250000,3.860000,1300,no
81,SELL,0.239787,21:07:23.351580702,no,-,-,-,-,4.525926,0.220949,0.623336,2,1,834,2766,1.250000,3.836900,1300,no
82,SELL,0.231862,21:07:23.351580702,no,-,-,-,-,4.978518,0.200863,0.623336,2,1,837,2763,1.250000,3.823100,1300,no
83,SELL,0.269603,21:07:23.351580702,no,-,-,-,-,5.476370,0.182603,0.623336,2,1,843,2757,1.250000,3.795900,1300,no
84,SELL,0.224933,21:07:23.351580702,no,-,-,-,-,6.024007,0.166002,0.623336,2,1,858,2742,1.250000,3.729600,1300,no
85,SELL,0.197225,21:07:23.351580702,no,-,-,-,-,6.626408,0.150911,0.623336,2,1,862,2738,1.250000,3.712200,1300,no
86,SELL,0.372160,21:07:23.351580702,no,-,-,-,-,7.289048,0.137192,0.623336,2,1,871,2729,1.250000,3.673900,1300,no
87,SELL,0.781774,21:07:23.351580702,no,-,-,-,-,8.017953,0.124720,0.623336,2,1,876,2724,1.250000,3.652900,1300,no
88,SELL,0.600151,21:07:23.351580702,no,-,-,-,-,8.819749,0.113382,0.623336,2,1,880,2720,1.250000,3.636300,1300,no
89,SELL,0.318991,21:07:23.351580702,no,-,-,-,-,9.701723,0.103074,0.623336,2,1,885,2715,1.250000,3.615800,1300,no
90,SELL,0.444829,21:07:23.351580702,no,-,-,-,-,10.000000,0.100000,0.623336,2,1,897,2703,1.250000,3.567400,1300,no
91,SELL,0.434449,21:07:23.351580702,no,-,-,-,-,10.000000,0.100000,0.623336,2,1,1194,2406,1.250000,2.680000,1300,no
92,SELL,0.292917,21:07:23.351580702,no,-,-,-,-,10.000000,0.100000,0.623336,2,1,1205,2395,1.250000,2.655600,1300,no
93,SELL,0.522545,21:07:23.351580702,no,-,-,-,-,10.000000,0.100000,0.623336,2,1,1212,2388,1.250000,2.640200,1300,no
94,SELL,0.370255,21:07:23.351580702,no,-,-,-,-,10.000000,0.100000,0.623336,2,1,1218,2382,1.250000,2.627200,1300,no
95,SELL,0.395377,21:07:23.351580702,no,-,-,-,-,10.000000,0.100000,0.623336,2,1,1225,2375,1.250000,2.612200,1300,no
96,SELL,0.502362,21:07:23.351580702,no,-,-,-,-,10.000000,0.100000,0.623336,2,1,1231,2369,1.250000,2.599500,1300,no
97,SELL,0.485605,21:07:23.351580702,no,-,-,-,-,10.000000,0.100000,0.623336,2,1,1235,2365,1.250000,2.591000,1300,no
98,SELL,0.173640,21:07:23.351580702,no,-,-,-,-,10.000000,0.100000,0.623336,2,1,1240,2360,1.250000,2.580600,1300,no
99,SELL,-0.030290,21:07:23.351580702,no,-,-,-,-,10.000000,0.100000,0.623336,2,1,1248,2352,1.250000,2.564100,1300,no
100,SELL,-0.036474,21:07:23.351580702,no,-,-,-,-,10.000000,0.100000,0.623336,2,1,1253,2347,1.250000,2.553800,1300,no
101,SELL,0.017861,21:07:23.351580702,no,-,-,-,-,10.000000,0.100000,0.623336,2,1,1264,2336,1.250000,2.531600,1300,no
102,SELL,0.116221,21:07:23.351580702,no,-,-,-,-,10.000000,0.100000,0.623336,2,1,1270,2330,1.250000,2.519600,1300,no
103,SELL,0.092422,21:07:23.351580702,no,-,-,-,-,10.000000,0.100000,0.623336,2,1,1275,2325,1.250000,2.509800,1300,no
104,SELL,-0.041662,21:07:23.351580702,no,-,-,-,-,10.000000,0.100000,0.623336,2,1,1281,2319,1.250000,2.498000,1300,no
105,SELL,-0.277740,21:07:23.351580702,no,-,-,-,-,10.000000,0.100000,0.623336,2,1,1289,2311,1.250000,2.482500,1300,no
106,SELL,-0.099492,21:07:23.351580702,no,-,-,-,-,10.000000,0.100000,0.623336,2,1,1296,2304,1.250000,2.469100,1300,no
107,SELL,-0.057129,21:07:23.351580702,no,-,-,-,-,10.000000,0.100000,0.623336,2,1,1300,2300,1.250000,2.461500,1300,no
108,SELL,-0.305585,21:07:23.351580702,no,-,-,-,-,10.000000,0.100000,0.623336,2,1,1306,2294,1.250000,2.450200,1300,no
109,SELL,-0.249912,21:07:23.351580702,no,-,-,-,-,10.000000,0.100000,0.623336,2,1,1312,2288,1.250000,2.439000,1300,no
110,SELL,-0.078980,21:07:23.351580702,no,-,-,-,-,10.000000,0.100000,0.623336,2,1,1317,2283,1.250000,2.429700,1300,no
111,SELL,-0.108486,21:07:23.351580702,no,-,-,-,-,10.000000,0.100000,0.623336,2,1,1325,2275,1.250000,2.415000,1300,no
112,SELL,0.012019,21:07:23.351580702,no,-,-,-,-,10.000000,0.100000,0.623336,2,1,1330,2270,1.250000,2.406000,1300,no
113,SELL,-0.072441,21:07:23.351580702,no,-,-,-,-,10.000000,0.100000,0.623336,2,1,1337,2263,1.250000,2.393400,1300,no
114,SELL,0.286896,21:07:23.351580702,no,-,-,-,-,10.000000,0.100000,0.623336,2,1,1341,2259,1.250000,2.386200,1300,no
115,SELL,0.056239,21:07:23.351580702,no,-,-,-,-,10.000000,0.100000,0.623336,2,1,1347,2253,1.250000,2.375600,1300,no
116,SELL,0.162150,21:07:23.351580702,no,-,-,-,-,10.000000,0.100000,0.623336,2,1,1356,2244,1.250000,2.359800,1300,no
117,SELL,-0.006517,21:07:23.351580702,no,-,-,-,-,10.000000,0.100000,0.623336,2,1,1361,2239,1.250000,2.351200,1300,no
118,SELL,0.078300,21:07:23.351580702,no,-,-,-,-,10.000000,0.100000,0.623336,2,1,1366,2234,1.250000,2.342600,1300,no
119,SELL,-0.042288,21:07:23.351580702,no,-,-,-,-,10.000000,0.100000,0.623336,2,1,1373,2227,1.250000,2.330600,1300,no
120,SELL,-0.029739,21:07:23.351580702,no,-,-,-,-,10.000000,0.100000,0.623336,2,1,1379,2221,1.250000,2.320500,1300,no
121,SELL,-0.015687,21:07:23.351580702,no,-,-,-,-,10.000000,0.100000,0.623336,2,1,1384,2216,1.250000,2.312100,1300,no
122,SELL,0.012619,21:07:23.351580702,no,-,-,-,-,10.000000,0.100000,0.623336,2,1,1388,2212,1.250000,2.305400,1300,no
123,SELL,0.023064,21:07:23.351580702,no,-,-,-,-,10.000000,0.100000,0.623336,2,1,1392,2208,1.250000,2.298800,1300,no
124,SELL,-0.077096,21:07:23.351580702,no,-,-,-,-,10.000000,0.100000,0.623336,2,1,1397,2203,1.250000,2.290600,1300,no
125,SELL,-0.049008,21:07:23.351580702,no,-,-,-,-,10.000000,0.100000,0.623336,2,1,1402,2198,1.250000,2.282400,1300,no
126,SELL,-0.532753,21:07:23.351580702,no,-,-,-,-,10.000000,0.100000,0.623336,2,1,1407,2193,1.250000,2.274300,1300,no
127,SELL,1.158159,21:07:23.351580702,no,-,-,-,-,10.000000,0.100000,0.623336,2,1,1412,2188,1.250000,2.266200,1300,no
128,SELL,0.991833,21:07:23.351580702,no,-,-,-,-,10.000000,0.100000,0.623336,2,1,1415,2185,1.250000,2.261400,1300,no
129,SELL,0.891658,21:07:23.351580702,no,-,-,-,-,10.000000,0.100000,0.623336,2,1,1418,2182,1.250000,2.256600,1300,no
130,SELL,0.890723,21:07:23.351580702,no,-,-,-,-,10.000000,0.100000,0.623336,2,1,1420,2180,1.250000,2.253500,1300,no
131,SELL,1.006500,21:07:23.351580702,no,-,-,-,-,10.000000,0.100000,0.623336,2,1,1425,2175,1.250000,2.245600,1300,no
132,SELL,0.804104,21:07:23.351580702,no,-,-,-,-,10.000000,0.100000,0.623336,2,1,1429,2171,1.250000,2.239300,1300,no
133,SELL,0.724474,21:07:23.351580702,no,-,-,-,-,10.000000,0.100000,0.623336,2,1,1435,2165,1.250000,2.229900,1300,no
134,SELL,0.518353,21:07:23.351580702,no,-,-,-,-,10.000000,0.100000,0.623336,2,1,1451,2149,1.250000,2.205300,1300,no
135,SELL,0.465738,21:07:23.351580702,no,-,-,-,-,10.000000,0.100000,0.623336,2,1,1454,2146,1.250000,2.200800,1300,no
136,SELL,0.527404,21:07:23.351580702,no,-,-,-,-,10.000000,0.100000,0.623336,2,1,1459,2141,1.250000,2.193200,1300,no
137,SELL,0.719176,21:07:23.351580702,no,-,-,-,-,10.000000,0.100000,0.623336,2,1,1465,2135,1.250000,2.184300,1300,no
138,SELL,0.724109,21:07:23.351580702,no,-,-,-,-,10.000000,0.100000,0.623336,2,1,1475,2125,1.250000,2.169400,1300,no
139,SELL,0.497804,21:07:23.351580702,no,-,-,-,-,10.000000,0.100000,0.623336,2,1,1479,2121,1.250000,2.163600,1300,no
140,SELL,0.600767,21:07:23.351580702,no,-,-,-,-,10.000000,0.100000,0.623336,2,1,1482,2118,1.250000,2.159200,1300,no
141,SELL,0.559205,21:07:23.351580702,no,-,-,-,-,10.000000,0.100000,0.623336,2,1,1487,2113,1.250000,2.151900,1300,no
142,SELL,0.634062,21:07:23.351580702,no,-,-,-,-,10.000000,0.100000,0.623336,2,1,1492,2108,1.250000,2.144700,1300,no
143,SELL,0.464773,21:07:23.351580702,no,-,-,-,-,10.000000,0.100000,0.623336,2,1,1499,2101,1.250000,2.134700,1300,no
144,SELL,0.258150,21:07:23.351580702,no,-,-,-,-,10.000000,0.100000,0.623336,2,1,1515,2085,1.250000,2.112200,1300,no
145,SELL,0.277676,21:07:23.351580702,no,-,-,-,-,10.000000,0.100000,0.623336,2,1,1520,2080,1.250000,2.105200,1300,no
146,SELL,0.308169,21:07:23.351580702,no,-,-,-,-,10.000000,0.100000,0.623336,2,1,1525,2075,1.250000,2.098300,1300,no
147,SELL,0.303063,21:07:23.351580702,no,-,-,-,-,10.000000,0.100000,0.623336,2,1,1529,2071,1.250000,2.092800,1300,no
148,SELL,0.248269,21:07:23.351580702,no,-,-,-,-,10.000000,0.100000,0.623336,2,1,1533,2067,1.250000,2.087400,1300,no
149,SELL,0.212135,21:07:23.351580702,no,-,-,-,-,10.000000,0.100000,0.623336,2,1,1541,2059,1.250000,2.076500,1300,no
150,SELL,0.133865,21:07:23.351580702,no,-,-,-,-,10.000000,0.100000,0.623336,2,1,1545,2055,1.250000,2.071100,1300,no
151,SELL,0.085956,21:07:23.351580702,no,-,-,-,-,10.000000,0.100000,0.623336,2,1,1552,2048,1.250000,2.061800,1300,no
152,SELL,0.204648,21:07:23.351580702,no,-,-,-,-,10.000000,0.100000,0.623336,2,1,1562,2038,1.250000,2.048600,1300,no
153,SELL,0.310722,21:07:23.351580702,no,-,-,-,-,10.000000,0.100000,0.623336,2,1,1567,2033,1.250000,2.042100,1300,no
154,SELL,0.295707,21:07:23.351580702,no,-,-,-,-,10.000000,0.100000,0.623336,2,1,1573,2027,1.250000,2.034300,1300,no
155,SELL,0.297299,21:07:23.351580702,no,-,-,-,-,10.000000,0.100000,0.623336,2,1,1578,2022,1.250000,2.027800,1300,no
156,SELL,0.203228,21:07:23.351580702,no,-,-,-,-,10.000000,0.100000,0.623336,2,1,1583,2017,1.250000,2.021400,1300,no
157,SELL,0.177163,21:07:23.351580702,no,-,-,-,-,10.000000,0.100000,0.623336,2,1,1587,2013,1.250000,2.016300,1300,no
158,SELL,0.223999,21:07:23.351580702,no,-,-,-,-,10.000000,0.100000,0.623336,2,1,1591,2009,1.250000,2.011300,1300,no
159,SELL,0.202531,21:07:23.351580702,no,-,-,-,-,10.000000,0.100000,0.623336,2,1,1597,2003,1.250000,2.003700,1300,no
160,SELL,0.246071,21:07:23.351580702,no,-,-,-,-,10.000000,0.100000,0.623336,2,1,1603,1997,1.250000,1.996200,1300,no
161,SELL,0.198440,21:07:23.351580702,no,-,-,-,-,10.000000,0.100000,0.623336,2,1,1606,1994,1.250000,1.992500,1300,no
162,SELL,-0.053891,21:07:23.351580702,no,-,-,-,-,10.000000,0.100000,0.623336,2,1,1610,1990,1.250000,1.987500,1300,no
163,SELL,-0.002430,21:07:23.351580702,no,-,-,-,-,10.000000,0.100000,0.623336,2,1,1616,1984,1.250000,1.980100,1300,no
164,SELL,0.192571,21:07:23.351580702,no,-,-,-,-,10.000000,0.100000,0.623336,2,1,1619,1981,1.250000,1.976500,1300,no
165,SELL,0.165820,21:07:23.351580702,no,-,-,-,-,10.000000,0.100000,0.623336,2,1,1624,1976,1.250000,1.970400,1300,no
166,SELL,0.048379,21:07:23.351580702,no,-,-,-,-,10.000000,0.100000,0.623336,2,1,1630,1970,1.250000,1.963100,1300,no
167,SELL,-0.154180,21:07:23.351580702,no,-,-,-,-,10.000000,0.100000,0.623336,2,1,1642,1958,1.250000,1.948800,1300,no
168,SELL,-0.060238,21:07:23.351580702,no,-,-,-,-,10.000000,0.100000,0.623336,2,1,1645,1955,1.250000,1.945200,1300,no
169,SELL,-0.055426,21:07:23.351580702,no,-,-,-,-,10.000000,0.100000,0.623336,2,1,1648,1952,1.250000,1.941700,1300,no
170,SELL,-0.172674,21:07:23.351580702,no,-,-,-,-,10.000000,0.100000,0.623336,2,1,1657,1943,1.250000,1.931200,1300,no
171,SELL,-0.211427,21:07:23.351580702,no,-,-,-,-,10.000000,0.100000,0.623336,2,1,1662,1938,1.250000,1.925300,1300,no
172,SELL,-0.210908,21:07:23.351580702,no,-,-,-,-,10.000000,0.100000,0.623336,2,1,1666,1934,1.250000,1.920700,1300,no
173,SELL,-0.243151,21:07:23.351580702,no,-,-,-,-,10.000000,0.100000,0.623336,2,1,1669,1931,1.250000,1.917300,1300,no
174,SELL,1.107591,21:07:23.351580702,yes,5.080000,ask1,1300,00:00:00.000024834,9.090909,0.110000,0.623336,2,1,4927,-1327,1.250000,0.649400,1300,yes
175,SELL,1.164388,21:07:23.351580702,yes,5.080000,ask1,1300,00:00:00.000025912,8.264463,0.121000,0.623336,2,1,4934,-1334,1.250000,0.648500,1300,yes
176,SELL,0.997670,21:07:23.351580702,yes,5.080000,ask1,1300,00:00:00.000026193,7.513148,0.133100,0.623336,2,1,4941,-1341,1.250000,0.647600,1300,yes
177,SELL,0.699375,21:07:23.351580702,yes,5.080000,ask1,1300,00:00:00.000025050,6.830135,0.146410,0.623336,2,1,4947,-1347,1.250000,0.646800,1300,yes
178,SELL,0.506694,21:07:23.351580702,yes,5.080000,ask1,1300,00:00:00.000030159,6.209213,0.161051,0.623336,2,1,4952,-1352,1.250000,0.646200,1300,yes
179,SELL,0.728225,21:07:23.351580702,yes,5.080000,ask1,1300,00:00:00.000024824,5.644739,0.177156,0.623336,2,1,4959,-1359,1.250000,0.645200,1300,yes
180,SELL,0.528821,21:07:23.351580702,yes,5.080000,ask1,1300,00:00:00.000025795,5.131581,0.194872,0.623336,2,1,4965,-1365,1.250000,0.644500,1300,yes
181,SELL,0.749943,21:07:23.351580702,yes,5.080000,ask1,1300,00:00:00.000025330,4.665074,0.214359,0.623336,2,1,4970,-1370,1.250000,0.643800,1300,yes
182,SELL,0.584999,21:07:23.351580702,yes,5.080000,ask1,1300,00:00:00.000024345,4.240976,0.235795,0.623336,2,1,4983,-1383,1.250000,0.642100,1300,yes
183,SELL,0.912640,21:07:23.351580702,yes,5.080000,ask1,1300,00:00:00.000025831,3.855433,0.259374,0.623336,2,1,4990,-1390,1.250000,0.641200,1300,yes
184,SELL,0.219711,21:07:23.351580702,yes,5.080000,ask1,1300,00:00:00.000024306,3.504939,0.285312,0.623336,2,1,5003,-1403,1.250000,0.639600,1300,yes
185,SELL,0.155619,21:07:23.351580702,yes,5.080000,ask1,1300,00:00:00.000025074,3.186308,0.313843,0.623336,2,1,5010,-1410,1.250000,0.638700,1300,yes
186,SELL,-0.345720,21:07:23.351580702,yes,5.080000,ask1,1300,00:00:00.000025969,2.896644,0.345227,0.623336,2,1,5015,-1415,1.250000,0.638000,1300,yes
187,SELL,0.259719,21:07:23.351580702,yes,5.080000,ask1,1300,00:00:00.000026399,2.633313,0.379750,0.623336,2,1,5020,-1420,1.250000,0.637400,1300,yes
188,SELL,-0.278062,21:07:23.351580702,yes,5.080000,ask1,1300,00:00:00.000024864,2.393920,0.417725,0.623336,2,1,5030,-1430,1.250000,0.636100,1300,yes
189,SELL,-0.576767,21:07:23.351580702,yes,5.080000,ask1,1300,00:00:00.000024785,2.176291,0.459497,0.623336,2,1,5035,-1435,1.250000,0.635500,1300,yes
190,SELL,0.088402,21:07:23.351580702,yes,5.080000,ask1,1300,00:00:00.000025461,1.978447,0.505447,0.623336,2,1,5040,-1440,1.250000,0.634900,1300,yes
191,SELL,0.328393,21:07:23.351580702,yes,5.080000,ask1,1300,00:00:00.000026273,1.798588,0.555992,0.623336,2,1,5045,-1445,1.250000,0.634200,1300,yes
192,SELL,0.129887,21:07:23.351580702,yes,5.080000,ask1,1300,00:00:00.000025570,1.635080,0.611591,0.623336,2,1,5053,-1453,1.250000,0.633200,1300,yes
193,SELL,0.045801,21:07:23.351580702,yes,5.080000,ask1,1300,00:00:00.000024375,1.486436,0.672750,0.623336,2,1,5058,-1458,1.250000,0.632600,1300,yes
194,SELL,0.323444,21:07:23.351580702,yes,5.080000,ask1,1300,00:00:00.000025607,1.351306,0.740025,0.623336,2,1,5063,-1463,1.250000,0.632000,1300,yes
195,SELL,0.042472,21:07:23.351580702,yes,5.080000,ask1,1300,00:00:00.000025480,1.228460,0.814027,0.623336,2,1,5068,-1468,1.250000,0.631400,1300,yes
196,SELL,-0.252023,21:07:23.351580702,yes,5.080000,ask1,1300,00:00:00.000026744,1.116782,0.895430,0.623336,2,1,5071,-1471,1.250000,0.631000,1300,yes
