轮数,方向,预测值,算法开始时间,是否下单,下单价格,档位,下单量,下单耗时(从预测到下单),r1,r2,std,freq,qty_scalar,经过时间,剩余时间,目标速度,实际速度,剩余量,是否为最后一轮
1,BUY,0.352739,21:07:23.351964249,no,-,-,-,-,0.909091,1.100000,0.631290,2,1,330,3270,1.250000,0.000000,4500,no
2,BUY,-0.220829,21:07:23.351964249,no,-,-,-,-,0.826446,1.210000,0.631290,2,1,334,3266,1.250000,0.000000,4500,no
3,BUY,-0.281598,21:07:23.351964249,no,-,-,-,-,0.751315,1.331000,0.631290,2,1,339,3261,1.250000,0.000000,4500,no
4,BUY,0.387286,21:07:23.351964249,no,-,-,-,-,0.683013,1.464100,0.631290,2,1,344,3256,1.250000,0.000000,4500,no
5,BUY,0.344746,21:07:23.351964249,no,-,-,-,-,0.620921,1.610510,0.631290,2,1,348,3252,1.250000,0.000000,4500,no
6,BUY,0.479700,21:07:23.351964249,yes,14.300000,ask1,100,00:00:00.000035503,0.564474,1.771561,0.631290,2,1,353,3247,1.250000,0.283200,4400,no
7,BUY,0.403605,21:07:23.351964249,yes,14.300000,ask1,100,00:00:00.000036625,0.513158,1.948717,0.631290,2,1,359,3241,1.250000,0.278500,4400,no
8,BUY,0.538102,21:07:23.351964249,yes,14.300000,ask1,200,00:00:00.000042719,0.466507,2.143589,0.631290,2,1,363,3237,1.250000,1.101900,4100,no
9,BUY,0.281596,21:07:23.351964249,yes,14.300000,ask1,200,00:00:00.000046190,0.424098,2.357948,0.631290,2,1,368,3232,1.250000,1.630400,3900,no
10,BUY,0.247204,21:07:23.351964249,no,-,-,-,-,0.424098,2.357948,0.631290,2,1,372,3228,1.250000,1.612900,3900,no
11,BUY,0.287996,21:07:23.351964249,yes,14.300000,ask1,200,00:00:00.000034964,0.424098,2.357948,0.631290,2,1,378,3222,1.250000,2.116400,3700,no
12,BUY,-0.024786,21:07:23.351964249,no,-,-,-,-,0.424098,2.357948,0.631290,2,1,382,3218,1.250000,2.094200,3700,no
13,BUY,-0.074236,21:07:23.351964249,no,-,-,-,-,0.424098,2.357948,0.631290,2,1,388,3212,1.250000,2.061800,3700,no
14,BUY,0.111390,21:07:23.351964249,no,-,-,-,-,0.424098,2.357948,0.631290,2,1,393,3207,1.250000,2.035600,3700,no
15,BUY,0.022755,21:07:23.351964249,no,-,-,-,-,0.424098,2.357948,0.631290,2,1,398,3202,1.250000,2.010000,3700,no
16,BUY,0.190302,21:07:23.351964249,no,-,-,-,-,0.424098,2.357948,0.631290,2,1,403,3197,1.250000,1.985100,3700,no
17,BUY,0.076490,21:07:23.351964249,no,-,-,-,-,0.424098,2.357948,0.631290,2,1,408,3192,1.250000,1.960700,3700,no
18,BUY,0.468580,21:07:23.351964249,yes,14.300000,ask1,200,00:00:00.000035569,0.424098,2.357948,0.631290,2,1,411,3189,1.250000,2.433000,3500,no
19,BUY,0.227361,21:07:23.351964249,no,-,-,-,-,0.424098,2.357948,0.631290,2,1,414,3186,1.250000,2.415400,3500,no
20,BUY,0.454835,21:07:23.351964249,yes,14.310000,ask1,200,00:00:00.000035034,0.424098,2.357948,0.631290,2,1,420,3180,1.250000,2.380900,3500,no
21,BUY,0.202934,21:07:23.351964249,no,-,-,-,-,0.466507,2.143589,0.631290,2,1,425,3175,1.250000,2.823500,3300,no
22,BUY,0.538640,21:07:23.351964249,yes,14.310000,ask1,100,00:00:00.000037951,0.513158,1.948717,0.631290,2,1,429,3171,1.250000,2.797200,3300,no
23,BUY,0.451785,21:07:23.351964249,yes,14.310000,ask1,100,00:00:00.000036279,0.564474,1.771561,0.631290,2,1,434,3166,1.250000,2.995300,3200,no
24,BUY,-0.090505,21:07:23.351964249,no,-,-,-,-,0.620921,1.610510,0.631290,2,1,439,3161,1.250000,3.189000,3100,no
25,BUY,-0.272470,21:07:23.351964249,no,-,-,-,-,0.683013,1.464100,0.631290,2,1,443,3157,1.250000,3.160200,3100,no
26,BUY,-0.135785,21:07:23.351964249,no,-,-,-,-,0.751315,1.331000,0.631290,2,1,448,3152,1.250000,3.125000,3100,no
27,BUY,-0.093968,21:07:23.351964249,no,-,-,-,-,0.826446,1.210000,0.631290,2,1,453,3147,1.250000,3.090500,3100,no
28,BUY,-0.002534,21:07:23.351964249,no,-,-,-,-,0.909091,1.100000,0.631290,2,1,459,3141,1.250000,3.050100,3100,no
29,BUY,-0.126739,21:07:23.351964249,no,-,-,-,-,1.000000,1.000000,0.631290,2,1,463,3137,1.250000,3.023700,3100,no
30,BUY,-0.082783,21:07:23.351964249,no,-,-,-,-,1.100000,0.909091,0.631290,2,1,466,3134,1.250000,3.004200,3100,no
31,BUY,0.022359,21:07:23.351964249,no,-,-,-,-,1.210000,0.826446,0.631290,2,1,471,3129,1.250000,2.972300,3100,no
32,BUY,-0.048603,21:07:23.351964249,no,-,-,-,-,1.331000,0.751315,0.631290,2,1,477,3123,1.250000,2.935000,3100,no
33,BUY,0.019817,21:07:23.351964249,no,-,-,-,-,1.464100,0.683013,0.631290,2,1,481,3119,1.250000,2.910600,3100,no
34,BUY,-0.586963,21:07:23.351964249,no,-,-,-,-,1.610510,0.620921,0.631290,2,1,486,3114,1.250000,2.880600,3100,no
35,BUY,-0.503080,21:07:23.351964249,no,-,-,-,-,1.771561,0.564474,0.631290,2,1,489,3111,1.250000,2.862900,3100,no
36,BUY,0.334065,21:07:23.351964249,no,-,-,-,-,1.948717,0.513158,0.631290,2,1,496,3104,1.250000,2.822500,3100,no
37,BUY,0.500816,21:07:23.351964249,no,-,-,-,-,2.143589,0.466507,0.631290,2,1,501,3099,1.250000,2.794400,3100,no
38,BUY,0.422171,21:07:23.351964249,no,-,-,-,-,2.357948,0.424098,0.631290,2,1,505,3095,1.250000,2.772200,3100,no
39,BUY,0.356739,21:07:23.351964249,no,-,-,-,-,2.593742,0.385543,0.631290,2,1,509,3091,1.250000,2.750400,3100,no
40,BUY,0.212516,21:07:23.351964249,no,-,-,-,-,2.853117,0.350494,0.631290,2,1,515,3085,1.250000,2.718400,3100,no
41,BUY,0.282964,21:07:23.351964249,no,-,-,-,-,3.138428,0.318631,0.631290,2,1,520,3080,1.250000,2.692300,3100,no
42,BUY,0.194587,21:07:23.351964249,no,-,-,-,-,3.452271,0.289664,0.631290,2,1,524,3076,1.250000,2.671700,3100,no
43,BUY,0.094008,21:07:23.351964249,no,-,-,-,-,3.797498,0.263331,0.631290,2,1,529,3071,1.250000,2.646500,3100,no
44,BUY,0.372585,21:07:23.351964249,no,-,-,-,-,4.177248,0.239392,0.631290,2,1,535,3065,1.250000,2.616800,3100,no
45,BUY,0.044402,21:07:23.351964249,no,-,-,-,-,4.594973,0.217629,0.631290,2,1,539,3061,1.250000,2.597400,3100,no
46,BUY,-0.269424,21:07:23.351964249,no,-,-,-,-,5.054470,0.197845,0.631290,2,1,544,3056,1.250000,2.573500,3100,no
47,BUY,-0.169461,21:07:23.351964249,no,-,-,-,-,5.559917,0.179859,0.631290,2,1,548,3052,1.250000,2.554700,3100,no
48,BUY,-0.177769,21:07:23.351964249,no,-,-,-,-,6.115909,0.163508,0.631290,2,1,555,3045,1.250000,2.522500,3100,no
49,BUY,-0.159824,21:07:23.351964249,no,-,-,-,-,6.727500,0.148644,0.631290,2,1,558,3042,1.250000,2.508900,3100,no
50,BUY,-0.382447,21:07:23.351964249,no,-,-,-,-,6.727500,0.148644,0.631290,2,1,564,3036,1.250000,2.482200,3100,no
51,BUY,-0.147476,21:07:23.351964249,no,-,-,-,-,6.727500,0.148644,0.631290,2,1,570,3030,1.250000,2.456100,3100,no
52,BUY,-0.070782,21:07:23.351964249,no,-,-,-,-,6.727500,0.148644,0.631290,2,1,574,3026,1.250000,2.439000,3100,no
53,BUY,-0.138999,21:07:23.351964249,no,-,-,-,-,6.727500,0.148644,0.631290,2,1,584,3016,1.250000,2.397200,3100,no
54,BUY,-0.240706,21:07:23.351964249,no,-,-,-,-,6.727500,0.148644,0.631290,2,1,588,3012,1.250000,2.380900,3100,no
55,BUY,-0.082537,21:07:23.351964249,no,-,-,-,-,6.727500,0.148644,0.631290,2,1,593,3007,1.250000,2.360800,3100,no
56,BUY,0.155769,21:07:23.351964249,no,-,-,-,-,6.727500,0.148644,0.631290,2,1,599,3001,1.250000,2.337200,3100,no
57,BUY,0.251074,21:07:23.351964249,no,-,-,-,-,6.727500,0.148644,0.631290,2,1,605,2995,1.250000,2.314000,3100,no
58,BUY,0.343392,21:07:23.351964249,no,-,-,-,-,6.727500,0.148644,0.631290,2,1,609,2991,1.250000,2.298800,3100,no
59,BUY,-0.046166,21:07:23.351964249,no,-,-,-,-,6.727500,0.148644,0.631290,2,1,616,2984,1.250000,2.272700,3100,no
60,BUY,-0.499227,21:07:23.351964249,no,-,-,-,-,6.727500,0.148644,0.631290,2,1,621,2979,1.250000,2.254400,3100,no
61,BUY,-0.020753,21:07:23.351964249,no,-,-,-,-,6.727500,0.148644,0.631290,2,1,626,2974,1.250000,2.236400,3100,no
62,BUY,0.057806,21:07:23.351964249,no,-,-,-,-,6.727500,0.148644,0.631290,2,1,632,2968,1.250000,2.215100,3100,no
63,BUY,0.062145,21:07:23.351964249,no,-,-,-,-,6.727500,0.148644,0.631290,2,1,637,2963,1.250000,2.197800,3100,no
64,BUY,-0.082259,21:07:23.351964249,no,-,-,-,-,6.727500,0.148644,0.631290,2,1,641,2959,1.250000,2.184000,3100,no
65,BUY,-0.110409,21:07:23.351964249,no,-,-,-,-,6.727500,0.148644,0.631290,2,1,644,2956,1.250000,2.173900,3100,no
66,BUY,-0.053978,21:07:23.351964249,no,-,-,-,-,6.727500,0.148644,0.631290,2,1,649,2951,1.250000,2.157100,3100,no
67,BUY,0.321581,21:07:23.351964249,no,-,-,-,-,6.727500,0.148644,0.631290,2,1,655,2945,1.250000,2.137400,3100,no
68,BUY,-0.275301,21:07:23.351964249,no,-,-,-,-,6.727500,0.148644,0.631290,2,1,659,2941,1.250000,2.124400,3100,no
69,BUY,-0.239463,21:07:23.351964249,no,-,-,-,-,6.727500,0.148644,0.631290,2,1,666,2934,1.250000,2.102100,3100,no
70,BUY,0.108482,21:07:23.351964249,no,-,-,-,-,6.727500,0.148644,0.631290,2,1,674,2926,1.250000,2.077100,3100,no
71,BUY,-0.215559,21:07:23.351964249,no,-,-,-,-,6.727500,0.148644,0.631290,2,1,680,2920,1.250000,2.058800,3100,no
72,BUY,-0.229070,21:07:23.351964249,no,-,-,-,-,6.727500,0.148644,0.631290,2,1,685,2915,1.250000,2.043700,3100,no
73,BUY,-0.105483,21:07:23.351964249,no,-,-,-,-,6.727500,0.148644,0.631290,2,1,689,2911,1.250000,2.031900,3100,no
74,BUY,-0.043974,21:07:23.351964249,no,-,-,-,-,6.727500,0.148644,0.631290,2,1,695,2905,1.250000,2.014300,3100,no
75,BUY,-0.073982,21:07:23.351964249,no,-,-,-,-,6.727500,0.148644,0.631290,2,1,702,2898,1.250000,1.994300,3100,no
76,BUY,-0.328959,21:07:23.351964249,no,-,-,-,-,6.727500,0.148644,0.631290,2,1,707,2893,1.250000,1.980100,3100,no
77,BUY,-0.254127,21:07:23.351964249,no,-,-,-,-,6.727500,0.148644,0.631290,2,1,713,2887,1.250000,1.963500,3100,no
78,BUY,-0.160121,21:07:23.351964249,no,-,-,-,-,6.727500,0.148644,0.631290,2,1,717,2883,1.250000,1.952500,3100,no
79,BUY,-0.207267,21:07:23.351964249,no,-,-,-,-,6.727500,0.148644,0.631290,2,1,723,2877,1.250000,1.936300,3100,no
80,BUY,-0.403461,21:07:23.351964249,no,-,-,-,-,6.727500,0.148644,0.631290,2,1,727,2873,1.250000,1.925700,3100,no
81,BUY,-0.487677,21:07:23.351964249,no,-,-,-,-,6.727500,0.148644,0.631290,2,1,738,2862,1.250000,1.897000,3100,no
82,BUY,-0.659308,21:07:23.351964249,no,-,-,-,-,6.727500,0.148644,0.631290,2,1,741,2859,1.250000,1.889300,3100,no
83,BUY,-0.648815,21:07:23.351964249,no,-,-,-,-,6.727500,0.148644,0.631290,2,1,747,2853,1.250000,1.874100,3100,no
84,BUY,-0.598073,21:07:23.351964249,no,-,-,-,-,6.727500,0.148644,0.631290,2,1,751,2849,1.250000,1.864100,3100,no
85,BUY,-0.215119,21:07:23.351964249,no,-,-,-,-,6.727500,0.148644,0.631290,2,1,756,2844,1.250000,1.851800,3100,no
86,BUY,-0.119266,21:07:23.351964249,no,-,-,-,-,6.727500,0.148644,0.631290,2,1,761,2839,1.250000,1.839600,3100,no
87,BUY,-0.220473,21:07:23.351964249,no,-,-,-,-,6.727500,0.148644,0.631290,2,1,766,2834,1.250000,1.827600,3100,no
88,BUY,-0.168565,21:07:23.351964249,no,-,-,-,-,6.727500,0.148644,0.631290,2,1,771,2829,1.250000,1.815800,3100,no
89,BUY,-0.080370,21:07:23.351964249,no,-,-,-,-,6.727500,0.148644,0.631290,2,1,776,2824,1.250000,1.804100,3100,no
90,BUY,-0.099615,21:07:23.351964249,no,-,-,-,-,6.727500,0.148644,0.631290,2,1,783,2817,1.250000,1.787900,3100,no
91,BUY,-0.300432,21:07:23.351964249,no,-,-,-,-,6.727500,0.148644,0.631290,2,1,786,2814,1.250000,1.781100,3100,no
92,BUY,-0.333683,21:07:23.351964249,no,-,-,-,-,6.727500,0.148644,0.631290,2,1,791,2809,1.250000,1.769900,3100,no
93,BUY,-0.378861,21:07:23.351964249,no,-,-,-,-,6.727500,0.148644,0.631290,2,1,796,2804,1.250000,1.758700,3100,no
94,BUY,-0.172997,21:07:23.351964249,no,-,-,-,-,6.727500,0.148644,0.631290,2,1,800,2800,1.250000,1.750000,3100,no
95,BUY,-0.054649,21:07:23.351964249,no,-,-,-,-,6.727500,0.148644,0.631290,2,1,805,2795,1.250000,1.739100,3100,no
96,BUY,-0.326678,21:07:23.351964249,no,-,-,-,-,6.727500,0.148644,0.631290,2,1,810,2790,1.250000,1.728300,3100,no
97,BUY,-0.431633,21:07:23.351964249,no,-,-,-,-,6.727500,0.148644,0.631290,2,1,816,2784,1.250000,1.715600,3100,no
98,BUY,-0.363744,21:07:23.351964249,no,-,-,-,-,6.727500,0.148644,0.631290,2,1,821,2779,1.250000,1.705200,3100,no
99,BUY,-0.283467,21:07:23.351964249,no,-,-,-,-,6.727500,0.148644,0.631290,2,1,824,2776,1.250000,1.699000,3100,no
100,BUY,-0.253481,21:07:23.351964249,no,-,-,-,-,6.727500,0.148644,0.631290,2,1,829,2771,1.250000,1.688700,3100,no
101,BUY,-0.135668,21:07:23.351964249,no,-,-,-,-,6.727500,0.148644,0.631290,2,1,835,2765,1.250000,1.676600,3100,no
102,BUY,0.128339,21:07:23.351964249,no,-,-,-,-,6.727500,0.148644,0.631290,2,1,837,2763,1.250000,1.672600,3100,no
103,BUY,0.242873,21:07:23.351964249,no,-,-,-,-,6.727500,0.148644,0.631290,2,1,843,2757,1.250000,1.660700,3100,no
104,BUY,0.435823,21:07:23.351964249,no,-,-,-,-,6.727500,0.148644,0.631290,2,1,848,2752,1.250000,1.650900,3100,no
105,BUY,0.204212,21:07:23.351964249,no,-,-,-,-,6.727500,0.148644,0.631290,2,1,853,2747,1.250000,1.641200,3100,no
106,BUY,0.265068,21:07:23.351964249,no,-,-,-,-,6.727500,0.148644,0.631290,2,1,859,2741,1.250000,1.629800,3100,no
107,BUY,0.093908,21:07:23.351964249,no,-,-,-,-,6.727500,0.148644,0.631290,2,1,863,2737,1.250000,1.622200,3100,no
108,BUY,0.072774,21:07:23.351964249,no,-,-,-,-,6.727500,0.148644,0.631290,2,1,868,2732,1.250000,1.612900,3100,no
109,BUY,0.180569,21:07:23.351964249,no,-,-,-,-,6.727500,0.148644,0.631290,2,1,872,2728,1.250000,1.605500,3100,no
110,BUY,0.227920,21:07:23.351964249,no,-,-,-,-,6.727500,0.148644,0.631290,2,1,882,2718,1.250000,1.587300,3100,no
111,BUY,0.198783,21:07:23.351964249,no,-,-,-,-,6.727500,0.148644,0.631290,2,1,887,2713,1.250000,1.578300,3100,no
112,BUY,0.419496,21:07:23.351964249,no,-,-,-,-,6.727500,0.148644,0.631290,2,1,893,2707,1.250000,1.567700,3100,no
113,BUY,0.152743,21:07:23.351964249,no,-,-,-,-,6.727500,0.148644,0.631290,2,1,897,2703,1.250000,1.560700,3100,no
114,BUY,0.442396,21:07:23.351964249,no,-,-,-,-,6.727500,0.148644,0.631290,2,1,903,2697,1.250000,1.550300,3100,no
115,BUY,0.316740,21:07:23.351964249,no,-,-,-,-,6.727500,0.148644,0.631290,2,1,907,2693,1.250000,1.543500,3100,no
116,BUY,0.569896,21:07:23.351964249,no,-,-,-,-,6.115909,0.163508,0.631290,2,1,1190,2410,1.250000,1.176400,3100,no
117,BUY,0.844013,21:07:23.351964249,no,-,-,-,-,5.559917,0.179859,0.631290,2,1,1195,2405,1.250000,1.171500,3100,no
118,BUY,0.540058,21:07:23.351964249,no,-,-,-,-,5.054470,0.197845,0.631290,2,1,1202,2398,1.250000,1.164700,3100,no
119,BUY,0.464269,21:07:23.351964249,no,-,-,-,-,4.594973,0.217629,0.631290,2,1,1207,2393,1.250000,1.159900,3100,no
120,BUY,0.377364,21:07:23.351964249,no,-,-,-,-,4.177248,0.239392,0.631290,2,1,1213,2387,1.250000,1.154100,3100,no
121,BUY,0.396764,21:07:23.351964249,no,-,-,-,-,3.797498,0.263331,0.631290,2,1,1219,2381,1.250000,1.148400,3100,no
122,BUY,0.312705,21:07:23.351964249,no,-,-,-,-,3.452271,0.289664,0.631290,2,1,1226,2374,1.250000,1.141900,3100,no
123,BUY,0.205799,21:07:23.351964249,no,-,-,-,-,3.138428,0.318631,0.631290,2,1,1231,2369,1.250000,1.137200,3100,no
124,BUY,0.362711,21:07:23.351964249,no,-,-,-,-,2.853117,0.350494,0.631290,2,1,1236,2364,1.250000,1.132600,3100,no
125,BUY,0.343247,21:07:23.351964249,no,-,-,-,-,2.593742,0.385543,0.631290,2,1,1242,2358,1.250000,1.127200,3100,no
126,BUY,0.423743,21:07:23.351964249,no,-,-,-,-,2.357948,0.424098,0.631290,2,1,1249,2351,1.250000,1.120800,3100,no
127,BUY,0.181609,21:07:23.351964249,no,-,-,-,-,2.143589,0.466507,0.631290,2,1,1254,2346,1.250000,1.116400,3100,no
128,BUY,0.339067,21:07:23.351964249,no,-,-,-,-,1.948717,0.513158,0.631290,2,1,1259,2341,1.250000,1.111900,3100,no
129,BUY,0.200758,21:07:23.351964249,no,-,-,-,-,1.771561,0.564474,0.631290,2,1,1271,2329,1.250000,1.101400,3100,no
130,BUY,0.254732,21:07:23.351964249,no,-,-,-,-,1.610510,0.620921,0.631290,2,1,1276,2324,1.250000,1.097100,3100,no
131,BUY,0.231996,21:07:23.351964249,no,-,-,-,-,1.464100,0.683013,0.631290,2,1,1283,2317,1.250000,1.091100,3100,no
132,BUY,0.426319,21:07:23.351964249,no,-,-,-,-,1.331000,0.751315,0.631290,2,1,1290,2310,1.250000,1.085200,3100,no
133,BUY,0.158861,21:07:23.351964249,no,-,-,-,-,1.210000,0.826446,0.631290,2,1,1298,2302,1.250000,1.078500,3100,no
134,BUY,0.214132,21:07:23.351964249,no,-,-,-,-,1.100000,0.909091,0.631290,2,1,1301,2299,1.250000,1.076000,3100,no
135,BUY,-0.069877,21:07:23.351964249,no,-,-,-,-,1.000000,1.000000,0.631290,2,1,1308,2292,1.250000,1.070300,3100,no
136,BUY,0.115155,21:07:23.351964249,no,-,-,-,-,0.909091,1.100000,0.631290,2,1,1314,2286,1.250000,1.065400,3100,no
137,BUY,0.089050,21:07:23.351964249,no,-,-,-,-,0.826446,1.210000,0.631290,2,1,1319,2281,1.250000,1.061400,3100,no
138,BUY,-0.011461,21:07:23.351964249,no,-,-,-,-,0.751315,1.331000,0.631290,2,1,1326,2274,1.250000,1.055800,3100,no
139,BUY,-0.279068,21:07:23.351964249,no,-,-,-,-,0.683013,1.464100,0.631290,2,1,1332,2268,1.250000,1.051000,3100,no
140,BUY,-0.134314,21:07:23.351964249,no,-,-,-,-,0.620921,1.610510,0.631290,2,1,1338,2262,1.250000,1.046300,3100,no
141,BUY,-0.086221,21:07:23.351964249,no,-,-,-,-,0.564474,1.771561,0.631290,2,1,1343,2257,1.250000,1.042400,3100,no
142,BUY,-0.268074,21:07:23.351964249,no,-,-,-,-,0.513158,1.948717,0.631290,2,1,1348,2252,1.250000,1.038500,3100,no
143,BUY,-0.230787,21:07:23.351964249,no,-,-,-,-,0.466507,2.143589,0.631290,2,1,1356,2244,1.250000,1.032400,3100,no
144,BUY,-0.199695,21:07:23.351964249,no,-,-,-,-,0.424098,2.357948,0.631290,2,1,1362,2238,1.250000,1.027900,3100,no
145,BUY,-0.190353,21:07:23.351964249,no,-,-,-,-,0.385543,2.593742,0.631290,2,1,1367,2233,1.250000,1.024100,3100,no
146,BUY,0.105338,21:07:23.351964249,no,-,-,-,-,0.350494,2.853117,0.631290,2,1,1373,2227,1.250000,1.019600,3100,no
147,BUY,0.088267,21:07:23.351964249,no,-,-,-,-,0.318631,3.138428,0.631290,2,1,1380,2220,1.250000,1.014400,3100,no
148,BUY,0.076358,21:07:23.351964249,no,-,-,-,-,0.289664,3.452271,0.631290,2,1,1384,2216,1.250000,1.011500,3100,no
149,BUY,0.073885,21:07:23.351964249,no,-,-,-,-,0.263331,3.797498,0.631290,2,1,1388,2212,1.250000,1.008600,3100,no
150,BUY,0.116193,21:07:23.351964249,no,-,-,-,-,0.239392,4.177248,0.631290,2,1,1393,2207,1.250000,1.005000,3100,no
151,BUY,0.125683,21:07:23.351964249,no,-,-,-,-,0.217629,4.594973,0.631290,2,1,1397,2203,1.250000,1.002100,3100,no
152,BUY,0.280036,21:07:23.351964249,yes,14.310000,ask1,500,00:00:00.000036930,0.197845,5.054470,0.631290,2,1,1408,2192,1.250000,0.994300,3100,no
153,BUY,0.002337,21:07:23.351964249,no,-,-,-,-,0.179859,5.559917,0.631290,2,1,1413,2187,1.250000,0.990700,3100,no
154,BUY,0.231843,21:07:23.351964249,yes,14.320000,ask1,600,00:00:00.000035734,0.163508,6.115909,0.631290,2,1,1416,2184,1.250000,0.988700,3100,no
155,BUY,0.179049,21:07:23.351964249,yes,14.320000,ask1,600,00:00:00.000036815,0.148644,6.727500,0.631290,2,1,1419,2181,1.250000,0.986600,3100,no
156,BUY,0.003568,21:07:23.351964249,no,-,-,-,-,0.135131,7.400250,0.631290,2,1,1421,2179,1.250000,0.985200,3100,no
157,BUY,0.052559,21:07:23.351964249,no,-,-,-,-,0.122846,8.140275,0.631290,2,1,1426,2174,1.250000,0.981700,3100,no
158,BUY,-0.053552,21:07:23.351964249,no,-,-,-,-,0.111678,8.954302,0.631290,2,1,1436,2164,1.250000,0.974900,3100,no
159,BUY,-0.322414,21:07:23.351964249,no,-,-,-,-,0.101526,9.849733,0.631290,2,1,1440,2160,1.250000,0.972200,3100,no
160,BUY,-0.101818,21:07:23.351964249,no,-,-,-,-,0.100000,10.000000,0.631290,2,1,1446,2154,1.250000,0.968100,3100,no
161,BUY,-0.095200,21:07:23.351964249,no,-,-,-,-,0.100000,10.000000,0.631290,2,1,1451,2149,1.250000,0.964800,3100,no
162,BUY,0.075258,21:07:23.351964249,yes,14.320000,ask1,1000,00:00:00.000034831,0.100000,10.000000,0.631290,2,1,1455,2145,1.250000,0.962100,3100,no
163,BUY,0.012679,21:07:23.351964249,no,-,-,-,-,0.100000,10.000000,0.631290,2,1,1460,2140,1.250000,0.958900,3100,no
164,BUY,-0.084063,21:07:23.351964249,no,-,-,-,-,0.100000,10.000000,0.631290,2,1,1465,2135,1.250000,0.955600,3100,no
165,BUY,-0.190009,21:07:23.351964249,no,-,-,-,-,0.100000,10.000000,0.631290,2,1,1470,2130,1.250000,0.952300,3100,no
166,BUY,-0.010738,21:07:23.351964249,no,-,-,-,-,0.100000,10.000000,0.631290,2,1,1475,2125,1.250000,0.949100,3100,no
167,BUY,-0.043723,21:07:23.351964249,no,-,-,-,-,0.100000,10.000000,0.631290,2,1,1479,2121,1.250000,0.946500,3100,no
168,BUY,-0.030456,21:07:23.351964249,no,-,-,-,-,0.100000,10.000000,0.631290,2,1,1483,2117,1.250000,0.944000,3100,no
169,BUY,-0.060981,21:07:23.351964249,no,-,-,-,-,0.100000,10.000000,0.631290,2,1,1488,2112,1.250000,0.940800,3100,no
170,BUY,-0.007065,21:07:23.351964249,no,-,-,-,-,0.100000,10.000000,0.631290,2,1,1501,2099,1.250000,0.932700,3100,no
171,BUY,-0.110435,21:07:23.351964249,no,-,-,-,-,0.100000,10.000000,0.631290,2,1,1510,2090,1.250000,0.927100,3100,no
172,BUY,-0.085481,21:07:23.351964249,no,-,-,-,-,0.100000,10.000000,0.631290,2,1,1516,2084,1.250000,0.923400,3100,no
173,BUY,-0.371492,21:07:23.351964249,no,-,-,-,-,0.100000,10.000000,0.631290,2,1,1521,2079,1.250000,0.920400,3100,no
174,BUY,-0.314733,21:07:23.351964249,no,-,-,-,-,0.100000,10.000000,0.631290,2,1,1525,2075,1.250000,0.918000,3100,no
175,BUY,-0.390087,21:07:23.351964249,no,-,-,-,-,0.100000,10.000000,0.631290,2,1,1529,2071,1.250000,0.915600,3100,no
176,BUY,-0.093665,21:07:23.351964249,no,-,-,-,-,0.100000,10.000000,0.631290,2,1,1535,2065,1.250000,0.912000,3100,no
177,BUY,-0.411892,21:07:23.351964249,no,-,-,-,-,0.100000,10.000000,0.631290,2,1,1545,2055,1.250000,0.906100,3100,no
178,BUY,-0.644808,21:07:23.351964249,no,-,-,-,-,0.100000,10.000000,0.631290,2,1,1548,2052,1.250000,0.904300,3100,no
179,BUY,-0.486505,21:07:23.351964249,no,-,-,-,-,0.100000,10.000000,0.631290,2,1,1552,2048,1.250000,0.902000,3100,no
180,BUY,-0.336676,21:07:23.351964249,no,-,-,-,-,0.100000,10.000000,0.631290,2,1,1559,2041,1.250000,0.898000,3100,no
181,BUY,-0.129984,21:07:23.351964249,no,-,-,-,-,0.100000,10.000000,0.631290,2,1,1563,2037,1.250000,0.895700,3100,no
182,BUY,0.075919,21:07:23.351964249,yes,14.300000,ask1,1000,00:00:00.000037717,0.100000,10.000000,0.631290,2,1,1568,2032,1.250000,0.892800,3100,no
183,BUY,-0.016640,21:07:23.351964249,no,-,-,-,-,0.100000,10.000000,0.631290,2,1,1574,2026,1.250000,0.889400,3100,no
184,BUY,-0.054324,21:07:23.351964249,no,-,-,-,-,0.100000,10.000000,0.631290,2,1,1578,2022,1.250000,0.887100,3100,no
185,BUY,-0.183137,21:07:23.351964249,no,-,-,-,-,0.100000,10.000000,0.631290,2,1,1583,2017,1.250000,0.884300,3100,no
186,BUY,-0.343931,21:07:23.351964249,no,-,-,-,-,0.100000,10.000000,0.631290,2,1,1593,2007,1.250000,0.878800,3100,no
187,BUY,-0.292795,21:07:23.351964249,no,-,-,-,-,0.100000,10.000000,0.631290,2,1,1599,2001,1.250000,0.875500,3100,no
188,BUY,-0.172171,21:07:23.351964249,no,-,-,-,-,0.100000,10.000000,0.631290,2,1,1603,1997,1.250000,0.873300,3100,no
189,BUY,-0.359564,21:07:23.351964249,no,-,-,-,-,0.100000,10.000000,0.631290,2,1,1607,1993,1.250000,0.871100,3100,no
190,BUY,-0.287368,21:07:23.351964249,no,-,-,-,-,0.100000,10.000000,0.631290,2,1,1612,1988,1.250000,0.868400,3100,no
191,BUY,-0.295383,21:07:23.351964249,no,-,-,-,-,0.100000,10.000000,0.631290,2,1,1616,1984,1.250000,0.866300,3100,no
192,BUY,-0.544538,21:07:23.351964249,no,-,-,-,-,0.100000,10.000000,0.631290,2,1,1620,1980,1.250000,0.864100,3100,no
193,BUY,-0.553651,21:07:23.351964249,no,-,-,-,-,0.100000,10.000000,0.631290,2,1,1625,1975,1.250000,0.861500,3100,no
194,BUY,-0.437109,21:07:23.351964249,no,-,-,-,-,0.100000,10.000000,0.631290,2,1,1632,1968,1.250000,0.857800,3100,no
195,BUY,-0.627533,21:07:23.351964249,no,-,-,-,-,0.100000,10.000000,0.631290,2,1,1648,1952,1.250000,0.849500,3100,no
196,BUY,-0.544334,21:07:23.351964249,no,-,-,-,-,0.100000,10.000000,0.631290,2,1,1657,1943,1.250000,0.844900,3100,no
197,BUY,-0.592506,21:07:23.351964249,no,-,-,-,-,0.100000,10.000000,0.631290,2,1,1662,1938,1.250000,0.842300,3100,no
198,BUY,-0.435485,21:07:23.351964249,no,-,-,-,-,0.100000,10.000000,0.631290,2,1,1666,1934,1.250000,0.840300,3100,no
199,BUY,-0.536678,21:07:23.351964249,no,-,-,-,-,0.100000,10.000000,0.631290,2,1,1669,1931,1.250000,0.838800,3100,no
200,BUY,-0.519528,21:07:23.351964249,no,-,-,-,-,0.100000,10.000000,0.631290,2,1,1674,1926,1.250000,0.836300,3100,no
201,BUY,1.495185,21:07:23.351964249,yes,14.450000,ask1,3100,00:00:00.000023651,0.100000,10.000000,0.631290,2,1,4942,-1342,1.250000,0.283200,3100,yes
202,BUY,2.782047,21:07:23.351964249,yes,14.450000,ask1,3100,00:00:00.000025829,0.100000,10.000000,0.631290,2,1,4947,-1347,1.250000,0.282900,3100,yes
203,BUY,2.655841,21:07:23.351964249,yes,14.450000,ask1,3100,00:00:00.000036772,0.100000,10.000000,0.631290,2,1,4954,-1354,1.250000,0.282500,3100,yes
204,BUY,2.423478,21:07:23.351964249,yes,14.450000,ask1,3100,00:00:00.000024084,0.100000,10.000000,0.631290,2,1,4960,-1360,1.250000,0.282200,3100,yes
205,BUY,0.918447,21:07:23.351964249,yes,14.450000,ask1,3100,00:00:00.000024835,0.100000,10.000000,0.631290,2,1,4972,-1372,1.250000,0.281500,3100,yes
206,BUY,1.139577,21:07:23.351964249,yes,14.450000,ask1,3100,00:00:00.000024382,0.100000,10.000000,0.631290,2,1,4977,-1377,1.250000,0.281200,3100,yes
207,BUY,0.989600,21:07:23.351964249,yes,14.450000,ask1,3100,00:00:00.000025230,0.100000,10.000000,0.631290,2,1,4991,-1391,1.250000,0.280500,3100,yes
208,BUY,1.093178,21:07:23.351964249,yes,14.450000,ask1,3100,00:00:00.000024416,0.100000,10.000000,0.631290,2,1,4999,-1399,1.250000,0.280000,3100,yes
209,BUY,0.769313,21:07:23.351964249,yes,14.450000,ask1,3100,00:00:00.000025394,0.100000,10.000000,0.631290,2,1,5010,-1410,1.250000,0.279400,3100,yes
210,BUY,1.243866,21:07:23.351964249,yes,14.460000,ask1,3100,00:00:00.000023489,0.100000,10.000000,0.631290,2,1,5016,-1416,1.250000,0.279100,3100,yes
211,BUY,0.754528,21:07:23.351964249,yes,14.460000,ask1,3100,00:00:00.000026456,0.100000,10.000000,0.631290,2,1,5020,-1420,1.250000,0.278800,3100,yes
212,BUY,1.066057,21:07:23.351964249,yes,14.460000,ask1,3100,00:00:00.000024995,0.100000,10.000000,0.631290,2,1,5026,-1426,1.250000,0.278500,3100,yes
213,BUY,1.025748,21:07:23.351964249,yes,14.460000,ask1,3100,00:00:00.000022580,0.100000,10.000000,0.631290,2,1,5032,-1432,1.250000,0.278200,3100,yes
214,BUY,0.882678,21:07:23.351964249,yes,14.460000,ask1,3100,00:00:00.000024762,0.100000,10.000000,0.631290,2,1,5036,-1436,1.250000,0.277900,3100,yes
215,BUY,0.902737,21:07:23.351964249,yes,14.460000,ask1,3100,00:00:00.000025422,0.100000,10.000000,0.631290,2,1,5040,-1440,1.250000,0.277700,3100,yes
216,BUY,0.577028,21:07:23.351964249,yes,14.460000,ask1,3100,00:00:00.000024519,0.100000,10.000000,0.631290,2,1,5047,-1447,1.250000,0.277300,3100,yes
217,BUY,0.296503,21:07:23.351964249,yes,14.460000,ask1,3100,00:00:00.000024844,0.100000,10.000000,0.631290,2,1,5053,-1453,1.250000,0.277000,3100,yes
218,BUY,0.781408,21:07:23.351964249,yes,14.460000,ask1,3100,00:00:00.000024738,0.100000,10.000000,0.631290,2,1,5059,-1459,1.250000,0.276700,3100,yes
219,BUY,1.184238,21:07:23.351964249,yes,14.460000,ask1,3100,00:00:00.000023608,0.100000,10.000000,0.631290,2,1,5064,-1464,1.250000,0.276400,3100,yes
220,BUY,0.588419,21:07:23.351964249,yes,14.470000,ask1,3100,00:00:00.000025340,0.100000,10.000000,0.631290,2,1,5068,-1468,1.250000,0.276200,3100,yes
221,BUY,0.492200,21:07:23.351964249,yes,14.470000,ask1,3100,00:00:00.000024247,0.100000,10.000000,0.631290,2,1,5072,-1472,1.250000,0.276000,3100,yes
222,BUY,0.518891,21:07:23.351964249,yes,14.470000,ask1,1700,00:00:00.000024702,0.100000,10.000000,0.631290,2,1,5075,-1475,1.250000,0.886600,0,yes
