轮数,方向,预测值,算法开始时间,是否下单,下单价格,档位,下单量,下单耗时(从预测到下单),r1,r2,std,freq,qty_scalar,经过时间,剩余时间,目标速度,实际速度,剩余量,是否为最后一轮
1,BUY,2.354454,21:07:23.353127322,yes,5.680000,ask1,100,00:00:00.000046754,0.909091,1.100000,0.699179,2,1,333,3267,15.000000,0.300300,53900,no
2,BUY,1.885418,21:07:23.353127322,yes,5.680000,ask1,100,00:00:00.000042258,0.826446,1.210000,0.699179,2,1,337,3263,15.000000,0.593400,53800,no
3,BUY,2.179183,21:07:23.353127322,yes,5.680000,ask1,100,00:00:00.000036892,0.751315,1.331000,0.699179,2,1,342,3258,15.000000,0.877100,53700,no
4,BUY,2.395025,21:07:23.353127322,yes,5.680000,ask1,100,00:00:00.000038944,0.683013,1.464100,0.699179,2,1,348,3252,15.000000,1.149400,53600,no
5,BUY,1.715618,21:07:23.353127322,yes,5.680000,ask1,100,00:00:00.000036930,0.620921,1.610510,0.699179,2,1,352,3248,15.000000,1.420400,53500,no
6,BUY,1.994918,21:07:23.353127322,yes,5.680000,ask1,100,00:00:00.000036126,0.564474,1.771561,0.699179,2,1,358,3242,15.000000,1.396600,53500,no
7,BUY,2.154292,21:07:23.353127322,yes,5.690000,ask1,100,00:00:00.000036677,0.513158,1.948717,0.699179,2,1,361,3239,15.000000,1.939000,53300,no
8,BUY,1.430464,21:07:23.353127322,yes,5.690000,ask1,200,00:00:00.000038258,0.466507,2.143589,0.699179,2,1,365,3235,15.000000,2.465700,53100,no
9,BUY,2.654884,21:07:23.353127322,yes,5.680000,ask1,200,00:00:00.000036835,0.424098,2.357948,0.699179,2,1,371,3229,15.000000,2.425800,53100,no
10,BUY,1.245356,21:07:23.353127322,yes,5.690000,ask1,200,00:00:00.000037476,0.385543,2.593742,0.699179,2,1,375,3225,15.000000,3.466600,52700,no
11,BUY,2.089064,21:07:23.353127322,yes,5.690000,ask1,200,00:00:00.000035032,0.350494,2.853117,0.699179,2,1,380,3220,15.000000,3.947300,52500,no
12,BUY,1.676088,21:07:23.353127322,yes,5.690000,ask1,300,00:00:00.000036189,0.318631,3.138428,0.699179,2,1,385,3215,15.000000,4.675300,52200,no
13,BUY,2.462966,21:07:23.353127322,yes,5.690000,ask1,300,00:00:00.000036360,0.289664,3.452271,0.699179,2,1,392,3208,15.000000,5.357100,51900,no
14,BUY,2.099478,21:07:23.353127322,yes,5.680000,ask1,300,00:00:00.000040636,0.263331,3.797498,0.699179,2,1,397,3203,15.000000,5.289600,51900,no
15,BUY,2.478576,21:07:23.353127322,yes,5.680000,ask1,400,00:00:00.000038743,0.239392,4.177248,0.699179,2,1,401,3199,15.000000,6.982500,51200,no
16,BUY,1.965609,21:07:23.353127322,yes,5.680000,ask1,400,00:00:00.000041716,0.217629,4.594973,0.699179,2,1,406,3194,15.000000,7.881700,50800,no
17,BUY,2.453694,21:07:23.353127322,yes,5.680000,ask1,500,00:00:00.000037932,0.197845,5.054470,0.699179,2,1,410,3190,15.000000,9.024300,50300,no
18,BUY,3.258399,21:07:23.353127322,yes,5.690000,ask1,500,00:00:00.000038899,0.179859,5.559917,0.699179,2,1,413,3187,15.000000,10.169400,49800,no
19,BUY,2.890695,21:07:23.353127322,yes,5.690000,ask1,600,00:00:00.000036059,0.163508,6.115909,0.699179,2,1,418,3182,15.000000,10.047800,49800,no
20,BUY,1.678150,21:07:23.353127322,yes,5.690000,ask1,600,00:00:00.000041856,0.148644,6.727500,0.699179,2,1,423,3177,15.000000,11.347500,49200,no
21,BUY,1.912870,21:07:23.353127322,yes,5.690000,ask1,700,00:00:00.000038971,0.135131,7.400250,0.699179,2,1,427,3173,15.000000,14.285700,47900,no
22,BUY,2.640927,21:07:23.353127322,yes,5.690000,ask1,800,00:00:00.000042559,0.122846,8.140275,0.699179,2,1,432,3168,15.000000,14.120300,47900,no
23,BUY,2.907380,21:07:23.353127322,yes,5.690000,ask1,800,00:00:00.000053721,0.122846,8.140275,0.699179,2,1,438,3162,15.000000,17.579900,46300,no
24,BUY,2.063515,21:07:23.353127322,yes,5.690000,ask1,800,00:00:00.000036644,0.122846,8.140275,0.699179,2,1,443,3157,15.000000,17.381400,46300,no
25,BUY,1.854564,21:07:23.353127322,yes,5.690000,ask1,800,00:00:00.000045904,0.122846,8.140275,0.699179,2,1,446,3154,15.000000,19.058200,45500,no
26,BUY,1.624506,21:07:23.353127322,yes,5.690000,ask1,800,00:00:00.000035433,0.122846,8.140275,0.699179,2,1,451,3149,15.000000,20.620800,44700,no
27,BUY,2.065285,21:07:23.353127322,yes,5.690000,ask1,800,00:00:00.000035791,0.122846,8.140275,0.699179,2,1,457,3143,15.000000,22.100600,43900,no
28,BUY,1.396017,21:07:23.353127322,yes,5.670000,ask1,800,00:00:00.000036367,0.122846,8.140275,0.699179,2,1,463,3137,15.000000,25.269900,42300,no
29,BUY,1.932838,21:07:23.353127322,yes,5.670000,ask1,800,00:00:00.000043242,0.122846,8.140275,0.699179,2,1,465,3135,15.000000,26.881700,41500,no
30,BUY,0.196560,21:07:23.353127322,yes,5.680000,ask1,800,00:00:00.000037783,0.122846,8.140275,0.699179,2,1,469,3131,15.000000,28.358200,40700,no
31,BUY,0.879560,21:07:23.353127322,yes,5.680000,ask1,800,00:00:00.000037656,0.122846,8.140275,0.699179,2,1,474,3126,15.000000,28.059000,40700,no
32,BUY,0.216401,21:07:23.353127322,yes,5.690000,ask1,800,00:00:00.000052288,0.122846,8.140275,0.699179,2,1,480,3120,15.000000,31.041600,39100,no
33,BUY,0.217024,21:07:23.353127322,yes,5.690000,ask1,700,00:00:00.000063468,0.135131,7.400250,0.699179,2,1,485,3115,15.000000,32.164900,38400,no
34,BUY,0.568698,21:07:23.353127322,yes,5.690000,ask1,600,00:00:00.000037940,0.148644,6.727500,0.699179,2,1,488,3112,15.000000,33.196700,37800,no
35,BUY,1.741452,21:07:23.353127322,yes,5.680000,ask1,600,00:00:00.000036489,0.163508,6.115909,0.699179,2,1,493,3107,15.000000,32.860000,37800,no
36,BUY,1.323634,21:07:23.353127322,yes,5.680000,ask1,500,00:00:00.000040656,0.179859,5.559917,0.699179,2,1,499,3101,15.000000,33.667300,37200,no
37,BUY,1.228053,21:07:23.353127322,yes,5.680000,ask1,500,00:00:00.000036085,0.197845,5.054470,0.699179,2,1,503,3097,15.000000,34.393600,36700,no
38,BUY,1.070235,21:07:23.353127322,yes,5.680000,ask1,400,00:00:00.000035321,0.217629,4.594973,0.699179,2,1,508,3092,15.000000,35.826700,35800,no
39,BUY,1.477352,21:07:23.353127322,yes,5.680000,ask1,400,00:00:00.000037054,0.239392,4.177248,0.699179,2,1,512,3088,15.000000,35.546800,35800,no
40,BUY,1.371489,21:07:23.353127322,yes,5.680000,ask1,300,00:00:00.000037744,0.263331,3.797498,0.699179,2,1,518,3082,15.000000,35.907300,35400,no
41,BUY,1.319562,21:07:23.353127322,yes,5.680000,ask1,300,00:00:00.000035733,0.289664,3.452271,0.699179,2,1,523,3077,15.000000,36.711200,34800,no
42,BUY,1.313893,21:07:23.353127322,yes,5.680000,ask1,300,00:00:00.000035202,0.318631,3.138428,0.699179,2,1,528,3072,15.000000,36.931800,34500,no
43,BUY,0.875013,21:07:23.353127322,yes,5.690000,ask1,200,00:00:00.000036768,0.350494,2.853117,0.699179,2,1,532,3068,15.000000,36.654100,34500,no
44,BUY,0.714227,21:07:23.353127322,yes,5.690000,ask1,200,00:00:00.000036963,0.385543,2.593742,0.699179,2,1,537,3063,15.000000,36.685200,34300,no
45,BUY,0.593533,21:07:23.353127322,yes,5.690000,ask1,200,00:00:00.000036428,0.424098,2.357948,0.699179,2,1,543,3057,15.000000,37.016500,33900,no
46,BUY,0.314639,21:07:23.353127322,no,-,-,-,-,0.466507,2.143589,0.699179,2,1,548,3052,15.000000,36.678800,33900,no
47,BUY,-0.188035,21:07:23.353127322,no,-,-,-,-,0.513158,1.948717,0.699179,2,1,554,3046,15.000000,36.281500,33900,no
48,BUY,0.842378,21:07:23.353127322,yes,5.690000,ask1,100,00:00:00.000055560,0.564474,1.771561,0.699179,2,1,557,3043,15.000000,36.265700,33800,no
49,BUY,0.934131,21:07:23.353127322,yes,5.690000,ask1,100,00:00:00.000039112,0.620921,1.610510,0.699179,2,1,563,3037,15.000000,35.879200,33800,no
50,BUY,0.987196,21:07:23.353127322,yes,5.690000,ask1,100,00:00:00.000037014,0.683013,1.464100,0.699179,2,1,569,3031,15.000000,35.852300,33600,no
51,BUY,0.899753,21:07:23.353127322,yes,5.690000,ask1,100,00:00:00.000035732,0.751315,1.331000,0.699179,2,1,574,3026,15.000000,35.714200,33500,no
52,BUY,0.719469,21:07:23.353127322,yes,5.690000,ask1,100,00:00:00.000038681,0.826446,1.210000,0.699179,2,1,577,3023,15.000000,35.528500,33500,no
53,BUY,1.844812,21:07:23.353127322,yes,5.680000,ask1,100,00:00:00.000043555,0.909091,1.100000,0.699179,2,1,583,3017,15.000000,35.506000,33300,no
54,BUY,0.830815,21:07:23.353127322,no,-,-,-,-,1.000000,1.000000,0.699179,2,1,586,3014,15.000000,35.324200,33300,no
55,BUY,1.494935,21:07:23.353127322,no,-,-,-,-,1.100000,0.909091,0.699179,2,1,593,3007,15.000000,34.907200,33300,no
56,BUY,2.180066,21:07:23.353127322,no,-,-,-,-,1.210000,0.826446,0.699179,2,1,597,3003,15.000000,34.673300,33300,no
57,BUY,2.589953,21:07:23.353127322,no,-,-,-,-,1.331000,0.751315,0.699179,2,1,604,2996,15.000000,34.271500,33300,no
58,BUY,1.451438,21:07:23.353127322,no,-,-,-,-,1.464100,0.683013,0.699179,2,1,608,2992,15.000000,34.046000,33300,no
59,BUY,1.362167,21:07:23.353127322,no,-,-,-,-,1.610510,0.620921,0.699179,2,1,613,2987,15.000000,33.768300,33300,no
60,BUY,1.174895,21:07:23.353127322,no,-,-,-,-,1.771561,0.564474,0.699179,2,1,619,2981,15.000000,33.441000,33300,no
61,BUY,1.744052,21:07:23.353127322,no,-,-,-,-,1.948717,0.513158,0.699179,2,1,623,2977,15.000000,33.226300,33300,no
62,BUY,1.695330,21:07:23.353127322,no,-,-,-,-,2.143589,0.466507,0.699179,2,1,630,2970,15.000000,32.857100,33300,no
63,BUY,2.772175,21:07:23.353127322,no,-,-,-,-,2.357948,0.424098,0.699179,2,1,636,2964,15.000000,32.547100,33300,no
64,BUY,2.843704,21:07:23.353127322,no,-,-,-,-,2.593742,0.385543,0.699179,2,1,640,2960,15.000000,32.343700,33300,no
65,BUY,2.519514,21:07:23.353127322,no,-,-,-,-,2.853117,0.350494,0.699179,2,1,643,2957,15.000000,32.192800,33300,no
66,BUY,2.222537,21:07:23.353127322,no,-,-,-,-,3.138428,0.318631,0.699179,2,1,649,2951,15.000000,31.895200,33300,no
67,BUY,2.844401,21:07:23.353127322,no,-,-,-,-,3.452271,0.289664,0.699179,2,1,652,2948,15.000000,31.748400,33300,no
68,BUY,2.687973,21:07:23.353127322,no,-,-,-,-,3.797498,0.263331,0.699179,2,1,658,2942,15.000000,31.458900,33300,no
69,BUY,1.954405,21:07:23.353127322,no,-,-,-,-,4.177248,0.239392,0.699179,2,1,664,2936,15.000000,31.174600,33300,no
70,BUY,2.138741,21:07:23.353127322,no,-,-,-,-,4.594973,0.217629,0.699179,2,1,669,2931,15.000000,30.941700,33300,no
71,BUY,2.542757,21:07:23.353127322,no,-,-,-,-,5.054470,0.197845,0.699179,2,1,673,2927,15.000000,30.757800,33300,no
72,BUY,2.368394,21:07:23.353127322,no,-,-,-,-,5.559917,0.179859,0.699179,2,1,679,2921,15.000000,30.486000,33300,no
73,BUY,2.261005,21:07:23.353127322,no,-,-,-,-,6.115909,0.163508,0.699179,2,1,682,2918,15.000000,30.351900,33300,no
74,BUY,2.284684,21:07:23.353127322,no,-,-,-,-,6.727500,0.148644,0.699179,2,1,687,2913,15.000000,30.131000,33300,no
75,BUY,2.908373,21:07:23.353127322,no,-,-,-,-,6.727500,0.148644,0.699179,2,1,693,2907,15.000000,29.870100,33300,no
76,BUY,0.412794,21:07:23.353127322,no,-,-,-,-,6.727500,0.148644,0.699179,2,1,700,2900,15.000000,29.571400,33300,no
77,BUY,0.435490,21:07:23.353127322,no,-,-,-,-,6.727500,0.148644,0.699179,2,1,706,2894,15.000000,29.320100,33300,no
78,BUY,0.335593,21:07:23.353127322,no,-,-,-,-,6.727500,0.148644,0.699179,2,1,711,2889,15.000000,29.113900,33300,no
79,BUY,1.273065,21:07:23.353127322,no,-,-,-,-,6.727500,0.148644,0.699179,2,1,716,2884,15.000000,28.910600,33300,no
80,BUY,1.435080,21:07:23.353127322,no,-,-,-,-,6.727500,0.148644,0.699179,2,1,720,2880,15.000000,28.750000,33300,no
81,BUY,0.924504,21:07:23.353127322,no,-,-,-,-,6.727500,0.148644,0.699179,2,1,725,2875,15.000000,28.551700,33300,no
82,BUY,0.766791,21:07:23.353127322,no,-,-,-,-,6.727500,0.148644,0.699179,2,1,729,2871,15.000000,28.395000,33300,no
83,BUY,1.064953,21:07:23.353127322,no,-,-,-,-,6.727500,0.148644,0.699179,2,1,735,2865,15.000000,28.163200,33300,no
84,BUY,0.896482,21:07:23.353127322,no,-,-,-,-,6.727500,0.148644,0.699179,2,1,740,2860,15.000000,27.972900,33300,no
85,BUY,0.508547,21:07:23.353127322,no,-,-,-,-,6.727500,0.148644,0.699179,2,1,746,2854,15.000000,27.747900,33300,no
86,BUY,0.464695,21:07:23.353127322,no,-,-,-,-,6.727500,0.148644,0.699179,2,1,751,2849,15.000000,27.563200,33300,no
87,BUY,0.343960,21:07:23.353127322,no,-,-,-,-,6.727500,0.148644,0.699179,2,1,755,2845,15.000000,27.417200,33300,no
88,BUY,0.380283,21:07:23.353127322,no,-,-,-,-,6.727500,0.148644,0.699179,2,1,759,2841,15.000000,27.272700,33300,no
89,BUY,0.435530,21:07:23.353127322,no,-,-,-,-,6.727500,0.148644,0.699179,2,1,765,2835,15.000000,27.058800,33300,no
90,BUY,0.438083,21:07:23.353127322,no,-,-,-,-,6.727500,0.148644,0.699179,2,1,769,2831,15.000000,26.918000,33300,no
91,BUY,0.547682,21:07:23.353127322,no,-,-,-,-,6.727500,0.148644,0.699179,2,1,774,2826,15.000000,26.744100,33300,no
92,BUY,0.256369,21:07:23.353127322,no,-,-,-,-,6.727500,0.148644,0.699179,2,1,779,2821,15.000000,26.572500,33300,no
93,BUY,0.458561,21:07:23.353127322,no,-,-,-,-,6.727500,0.148644,0.699179,2,1,785,2815,15.000000,26.369400,33300,no
94,BUY,0.755065,21:07:23.353127322,no,-,-,-,-,6.727500,0.148644,0.699179,2,1,789,2811,15.000000,26.235700,33300,no
95,BUY,0.748196,21:07:23.353127322,no,-,-,-,-,6.727500,0.148644,0.699179,2,1,793,2807,15.000000,26.103400,33300,no
96,BUY,1.079850,21:07:23.353127322,no,-,-,-,-,6.727500,0.148644,0.699179,2,1,799,2801,15.000000,25.907300,33300,no
97,BUY,2.120836,21:07:23.353127322,no,-,-,-,-,6.727500,0.148644,0.699179,2,1,805,2795,15.000000,25.714200,33300,no
98,BUY,2.252264,21:07:23.353127322,no,-,-,-,-,6.727500,0.148644,0.699179,2,1,809,2791,15.000000,25.587100,33300,no
99,BUY,2.231504,21:07:23.353127322,no,-,-,-,-,6.727500,0.148644,0.699179,2,1,814,2786,15.000000,25.429900,33300,no
100,BUY,1.847013,21:07:23.353127322,no,-,-,-,-,6.727500,0.148644,0.699179,2,1,820,2780,15.000000,25.243900,33300,no
101,BUY,1.312089,21:07:23.353127322,no,-,-,-,-,6.727500,0.148644,0.699179,2,1,824,2776,15.000000,25.121300,33300,no
102,BUY,1.719564,21:07:23.353127322,no,-,-,-,-,6.727500,0.148644,0.699179,2,1,827,2773,15.000000,25.030200,33300,no
103,BUY,1.824607,21:07:23.353127322,no,-,-,-,-,6.727500,0.148644,0.699179,2,1,834,2766,15.000000,24.820100,33300,no
104,BUY,1.971303,21:07:23.353127322,no,-,-,-,-,6.727500,0.148644,0.699179,2,1,836,2764,15.000000,24.760700,33300,no
105,BUY,1.460291,21:07:23.353127322,no,-,-,-,-,6.727500,0.148644,0.699179,2,1,843,2757,15.000000,24.555100,33300,no
106,BUY,1.487946,21:07:23.353127322,no,-,-,-,-,6.727500,0.148644,0.699179,2,1,847,2753,15.000000,24.439100,33300,no
107,BUY,1.524389,21:07:23.353127322,no,-,-,-,-,6.727500,0.148644,0.699179,2,1,851,2749,15.000000,24.324300,33300,no
108,BUY,1.828526,21:07:23.353127322,no,-,-,-,-,6.727500,0.148644,0.699179,2,1,857,2743,15.000000,24.154000,33300,no
109,BUY,1.649799,21:07:23.353127322,no,-,-,-,-,6.727500,0.148644,0.699179,2,1,862,2738,15.000000,24.013900,33300,no
110,BUY,1.246741,21:07:23.353127322,no,-,-,-,-,6.727500,0.148644,0.699179,2,1,865,2735,15.000000,23.930600,33300,no
111,BUY,1.684817,21:07:23.353127322,no,-,-,-,-,6.727500,0.148644,0.699179,2,1,870,2730,15.000000,23.793100,33300,no
112,BUY,2.002074,21:07:23.353127322,no,-,-,-,-,6.727500,0.148644,0.699179,2,1,876,2724,15.000000,23.630100,33300,no
113,BUY,1.720419,21:07:23.353127322,no,-,-,-,-,6.727500,0.148644,0.699179,2,1,879,2721,15.000000,23.549400,33300,no
114,BUY,0.577218,21:07:23.353127322,no,-,-,-,-,6.727500,0.148644,0.699179,2,1,885,2715,15.000000,23.389800,33300,no
115,BUY,2.546555,21:07:23.353127322,no,-,-,-,-,6.727500,0.148644,0.699179,2,1,892,2708,15.000000,23.206200,33300,no
116,BUY,2.247479,21:07:23.353127322,no,-,-,-,-,6.727500,0.148644,0.699179,2,1,896,2704,15.000000,23.102600,33300,no
117,BUY,1.644338,21:07:23.353127322,no,-,-,-,-,6.727500,0.148644,0.699179,2,1,902,2698,15.000000,22.949000,33300,no
118,BUY,0.901427,21:07:23.353127322,no,-,-,-,-,6.727500,0.148644,0.699179,2,1,906,2694,15.000000,22.847600,33300,no
119,BUY,-0.618513,21:07:23.353127322,no,-,-,-,-,6.727500,0.148644,0.699179,2,1,1189,2411,15.000000,17.409500,33300,no
120,BUY,0.693006,21:07:23.353127322,no,-,-,-,-,6.727500,0.148644,0.699179,2,1,1193,2407,15.000000,17.351200,33300,no
121,BUY,-0.114353,21:07:23.353127322,no,-,-,-,-,6.727500,0.148644,0.699179,2,1,1199,2401,15.000000,17.264300,33300,no
122,BUY,-0.058415,21:07:23.353127322,no,-,-,-,-,6.727500,0.148644,0.699179,2,1,1205,2395,15.000000,17.178400,33300,no
123,BUY,0.573592,21:07:23.353127322,no,-,-,-,-,6.727500,0.148644,0.699179,2,1,1212,2388,15.000000,17.079200,33300,no
124,BUY,-0.214827,21:07:23.353127322,no,-,-,-,-,6.727500,0.148644,0.699179,2,1,1218,2382,15.000000,16.995000,33300,no
125,BUY,-0.235582,21:07:23.353127322,no,-,-,-,-,6.727500,0.148644,0.699179,2,1,1224,2376,15.000000,16.911700,33300,no
126,BUY,0.867942,21:07:23.353127322,no,-,-,-,-,6.727500,0.148644,0.699179,2,1,1230,2370,15.000000,16.829200,33300,no
127,BUY,1.092648,21:07:23.353127322,no,-,-,-,-,6.727500,0.148644,0.699179,2,1,1235,2365,15.000000,16.761100,33300,no
128,BUY,0.647275,21:07:23.353127322,no,-,-,-,-,6.727500,0.148644,0.699179,2,1,1239,2361,15.000000,16.707000,33300,no
129,BUY,0.446634,21:07:23.353127322,no,-,-,-,-,6.727500,0.148644,0.699179,2,1,1246,2354,15.000000,16.613100,33300,no
130,BUY,0.122940,21:07:23.353127322,no,-,-,-,-,6.727500,0.148644,0.699179,2,1,1253,2347,15.000000,16.520300,33300,no
131,BUY,0.702291,21:07:23.353127322,no,-,-,-,-,6.727500,0.148644,0.699179,2,1,1258,2342,15.000000,16.454600,33300,no
132,BUY,0.448416,21:07:23.353127322,no,-,-,-,-,6.727500,0.148644,0.699179,2,1,1263,2337,15.000000,16.389500,33300,no
133,BUY,0.214759,21:07:23.353127322,no,-,-,-,-,6.727500,0.148644,0.699179,2,1,1269,2331,15.000000,16.312000,33300,no
134,BUY,1.209210,21:07:23.353127322,no,-,-,-,-,6.727500,0.148644,0.699179,2,1,1275,2325,15.000000,16.235200,33300,no
135,BUY,2.213552,21:07:23.353127322,no,-,-,-,-,6.727500,0.148644,0.699179,2,1,1279,2321,15.000000,16.184500,33300,no
136,BUY,1.824754,21:07:23.353127322,no,-,-,-,-,6.727500,0.148644,0.699179,2,1,1287,2313,15.000000,16.083900,33300,no
137,BUY,1.998024,21:07:23.353127322,no,-,-,-,-,6.727500,0.148644,0.699179,2,1,1295,2305,15.000000,15.984500,33300,no
138,BUY,2.073439,21:07:23.353127322,no,-,-,-,-,6.727500,0.148644,0.699179,2,1,1300,2300,15.000000,15.923000,33300,no
139,BUY,1.827917,21:07:23.353127322,no,-,-,-,-,6.727500,0.148644,0.699179,2,1,1306,2294,15.000000,15.849900,33300,no
140,BUY,1.938211,21:07:23.353127322,no,-,-,-,-,6.727500,0.148644,0.699179,2,1,1312,2288,15.000000,15.777400,33300,no
141,BUY,1.537501,21:07:23.353127322,no,-,-,-,-,6.727500,0.148644,0.699179,2,1,1316,2284,15.000000,15.729400,33300,no
142,BUY,2.275407,21:07:23.353127322,no,-,-,-,-,6.727500,0.148644,0.699179,2,1,1323,2277,15.000000,15.646200,33300,no
143,BUY,3.079358,21:07:23.353127322,no,-,-,-,-,6.727500,0.148644,0.699179,2,1,1330,2270,15.000000,15.563900,33300,no
144,BUY,2.332803,21:07:23.353127322,no,-,-,-,-,6.727500,0.148644,0.699179,2,1,1337,2263,15.000000,15.482400,33300,no
145,BUY,2.638812,21:07:23.353127322,no,-,-,-,-,6.727500,0.148644,0.699179,2,1,1341,2259,15.000000,15.436200,33300,no
146,BUY,2.708710,21:07:23.353127322,no,-,-,-,-,6.727500,0.148644,0.699179,2,1,1346,2254,15.000000,15.378900,33300,no
147,BUY,3.015486,21:07:23.353127322,no,-,-,-,-,6.727500,0.148644,0.699179,2,1,1350,2250,15.000000,15.333300,33300,no
148,BUY,3.142646,21:07:23.353127322,no,-,-,-,-,6.727500,0.148644,0.699179,2,1,1356,2244,15.000000,15.265400,33300,no
149,BUY,2.972953,21:07:23.353127322,no,-,-,-,-,6.727500,0.148644,0.699179,2,1,1361,2239,15.000000,15.209400,33300,no
150,BUY,2.971165,21:07:23.353127322,no,-,-,-,-,6.727500,0.148644,0.699179,2,1,1366,2234,15.000000,15.153700,33300,no
151,BUY,2.217182,21:07:23.353127322,no,-,-,-,-,6.727500,0.148644,0.699179,2,1,1371,2229,15.000000,15.098400,33300,no
152,BUY,2.079264,21:07:23.353127322,no,-,-,-,-,6.727500,0.148644,0.699179,2,1,1378,2222,15.000000,15.021700,33300,no
153,BUY,0.871796,21:07:23.353127322,no,-,-,-,-,6.115909,0.163508,0.699179,2,1,1384,2216,15.000000,14.956600,33300,no
154,BUY,0.896518,21:07:23.353127322,no,-,-,-,-,5.559917,0.179859,0.699179,2,1,1387,2213,15.000000,14.924200,33300,no
155,BUY,0.707087,21:07:23.353127322,no,-,-,-,-,5.054470,0.197845,0.699179,2,1,1391,2209,15.000000,14.881300,33300,no
156,BUY,0.453786,21:07:23.353127322,no,-,-,-,-,4.594973,0.217629,0.699179,2,1,1396,2204,15.000000,14.828000,33300,no
157,BUY,0.847691,21:07:23.353127322,no,-,-,-,-,4.177248,0.239392,0.699179,2,1,1402,2198,15.000000,14.764600,33300,no
158,BUY,2.035085,21:07:23.353127322,no,-,-,-,-,3.797498,0.263331,0.699179,2,1,1407,2193,15.000000,14.712100,33300,no
159,BUY,1.902394,21:07:23.353127322,no,-,-,-,-,3.452271,0.289664,0.699179,2,1,1411,2189,15.000000,14.670400,33300,no
160,BUY,1.978213,21:07:23.353127322,no,-,-,-,-,3.138428,0.318631,0.699179,2,1,1415,2185,15.000000,14.628900,33300,no
161,BUY,0.871777,21:07:23.353127322,no,-,-,-,-,2.853117,0.350494,0.699179,2,1,1417,2183,15.000000,14.608300,33300,no
162,BUY,0.560769,21:07:23.353127322,no,-,-,-,-,2.593742,0.385543,0.699179,2,1,1420,2180,15.000000,14.577400,33300,no
163,BUY,0.414770,21:07:23.353127322,no,-,-,-,-,2.357948,0.424098,0.699179,2,1,1425,2175,15.000000,14.526300,33300,no
164,BUY,1.020175,21:07:23.353127322,no,-,-,-,-,2.143589,0.466507,0.699179,2,1,1428,2172,15.000000,14.495700,33300,no
165,BUY,1.059887,21:07:23.353127322,no,-,-,-,-,1.948717,0.513158,0.699179,2,1,1435,2165,15.000000,14.425000,33300,no
166,BUY,1.425174,21:07:23.353127322,no,-,-,-,-,1.771561,0.564474,0.699179,2,1,1440,2160,15.000000,14.375000,33300,no
167,BUY,0.962734,21:07:23.353127322,no,-,-,-,-,1.610510,0.620921,0.699179,2,1,1445,2155,15.000000,14.325200,33300,no
168,BUY,0.636332,21:07:23.353127322,no,-,-,-,-,1.464100,0.683013,0.699179,2,1,1451,2149,15.000000,14.266000,33300,no
169,BUY,0.963457,21:07:23.353127322,no,-,-,-,-,1.331000,0.751315,0.699179,2,1,1454,2146,15.000000,14.236500,33300,no
170,BUY,1.501144,21:07:23.353127322,no,-,-,-,-,1.210000,0.826446,0.699179,2,1,1459,2141,15.000000,14.187700,33300,no
171,BUY,1.110546,21:07:23.353127322,no,-,-,-,-,1.100000,0.909091,0.699179,2,1,1464,2136,15.000000,14.139300,33300,no
172,BUY,0.891008,21:07:23.353127322,no,-,-,-,-,1.000000,1.000000,0.699179,2,1,1468,2132,15.000000,14.100800,33300,no
173,BUY,0.399218,21:07:23.353127322,no,-,-,-,-,0.909091,1.100000,0.699179,2,1,1473,2127,15.000000,14.052900,33300,no
174,BUY,0.988462,21:07:23.353127322,yes,5.690000,ask1,100,00:00:00.000036626,0.826446,1.210000,0.699179,2,1,1477,2123,15.000000,14.014800,33300,no
175,BUY,1.255909,21:07:23.353127322,yes,5.690000,ask1,100,00:00:00.000037235,0.751315,1.331000,0.699179,2,1,1482,2118,15.000000,13.967600,33300,no
176,BUY,1.407429,21:07:23.353127322,yes,5.690000,ask1,100,00:00:00.000037469,0.683013,1.464100,0.699179,2,1,1486,2114,15.000000,13.930000,33300,no
177,BUY,0.737959,21:07:23.353127322,yes,5.690000,ask1,100,00:00:00.000041597,0.620921,1.610510,0.699179,2,1,1491,2109,15.000000,13.883200,33300,no
178,BUY,0.785074,21:07:23.353127322,yes,5.690000,ask1,100,00:00:00.000046875,0.564474,1.771561,0.699179,2,1,1499,2101,15.000000,13.809200,33300,no
179,BUY,1.623514,21:07:23.353127322,yes,5.690000,ask1,100,00:00:00.000035592,0.513158,1.948717,0.699179,2,1,1504,2096,15.000000,13.763200,33300,no
180,BUY,2.000500,21:07:23.353127322,yes,5.690000,ask1,200,00:00:00.000037020,0.466507,2.143589,0.699179,2,1,1509,2091,15.000000,13.717600,33300,no
181,BUY,1.592732,21:07:23.353127322,yes,5.690000,ask1,200,00:00:00.000036703,0.424098,2.357948,0.699179,2,1,1514,2086,15.000000,13.672300,33300,no
182,BUY,0.906551,21:07:23.353127322,yes,5.690000,ask1,200,00:00:00.000036632,0.385543,2.593742,0.699179,2,1,1519,2081,15.000000,13.627300,33300,no
183,BUY,0.747347,21:07:23.353127322,yes,5.690000,ask1,200,00:00:00.000037018,0.350494,2.853117,0.699179,2,1,1525,2075,15.000000,13.573700,33300,no
184,BUY,0.615009,21:07:23.353127322,yes,5.690000,ask1,300,00:00:00.000036216,0.318631,3.138428,0.699179,2,1,1527,2073,15.000000,13.555900,33300,no
185,BUY,0.194754,21:07:23.353127322,no,-,-,-,-,0.289664,3.452271,0.699179,2,1,1532,2068,15.000000,13.511700,33300,no
186,BUY,0.220064,21:07:23.353127322,yes,5.690000,ask1,300,00:00:00.000035584,0.263331,3.797498,0.699179,2,1,1540,2060,15.000000,13.441500,33300,no
187,BUY,0.259125,21:07:23.353127322,yes,5.690000,ask1,400,00:00:00.000075108,0.239392,4.177248,0.699179,2,1,1545,2055,15.000000,13.398000,33300,no
188,BUY,-0.321013,21:07:23.353127322,no,-,-,-,-,0.217629,4.594973,0.699179,2,1,1548,2052,15.000000,13.372000,33300,no
189,BUY,-0.373879,21:07:23.353127322,no,-,-,-,-,0.197845,5.054470,0.699179,2,1,1551,2049,15.000000,13.346200,33300,no
190,BUY,0.757237,21:07:23.353127322,yes,5.690000,ask1,500,00:00:00.000065616,0.179859,5.559917,0.699179,2,1,1555,2045,15.000000,13.311800,33300,no
191,BUY,0.957424,21:07:23.353127322,yes,5.690000,ask1,600,00:00:00.000035838,0.163508,6.115909,0.699179,2,1,1562,2038,15.000000,13.252200,33300,no
192,BUY,-0.656461,21:07:23.353127322,no,-,-,-,-,0.148644,6.727500,0.699179,2,1,1567,2033,15.000000,13.209900,33300,no
193,BUY,0.662845,21:07:23.353127322,yes,5.690000,ask1,700,00:00:00.000037000,0.135131,7.400250,0.699179,2,1,1571,2029,15.000000,13.176300,33300,no
194,BUY,-0.678493,21:07:23.353127322,no,-,-,-,-,0.122846,8.140275,0.699179,2,1,1577,2023,15.000000,13.126100,33300,no
195,BUY,-0.276367,21:07:23.353127322,no,-,-,-,-,0.111678,8.954302,0.699179,2,1,1583,2017,15.000000,13.076400,33300,no
196,BUY,0.029210,21:07:23.353127322,no,-,-,-,-,0.101526,9.849733,0.699179,2,1,1586,2014,15.000000,13.051700,33300,no
197,BUY,-0.658214,21:07:23.353127322,no,-,-,-,-,0.100000,10.000000,0.699179,2,1,1591,2009,15.000000,13.010600,33300,no
198,BUY,-0.455993,21:07:23.353127322,no,-,-,-,-,0.100000,10.000000,0.699179,2,1,1597,2003,15.000000,12.961800,33300,no
199,BUY,-0.581999,21:07:23.353127322,no,-,-,-,-,0.100000,10.000000,0.699179,2,1,1603,1997,15.000000,12.913200,33300,no
200,BUY,0.251735,21:07:23.353127322,yes,5.690000,ask1,1000,00:00:00.000037834,0.100000,10.000000,0.699179,2,1,1606,1994,15.000000,12.889100,33300,no
201,BUY,0.232327,21:07:23.353127322,yes,5.690000,ask1,1000,00:00:00.000039585,0.100000,10.000000,0.699179,2,1,1610,1990,15.000000,12.857100,33300,no
202,BUY,0.350750,21:07:23.353127322,yes,5.690000,ask1,1000,00:00:00.000034196,0.100000,10.000000,0.699179,2,1,1615,1985,15.000000,12.817300,33300,no
203,BUY,-0.167682,21:07:23.353127322,no,-,-,-,-,0.100000,10.000000,0.699179,2,1,1619,1981,15.000000,12.785600,33300,no
204,BUY,-0.207404,21:07:23.353127322,no,-,-,-,-,0.100000,10.000000,0.699179,2,1,1624,1976,15.000000,12.746300,33300,no
205,BUY,0.039034,21:07:23.353127322,no,-,-,-,-,0.100000,10.000000,0.699179,2,1,1629,1971,15.000000,12.707100,33300,no
206,BUY,-0.292962,21:07:23.353127322,no,-,-,-,-,0.100000,10.000000,0.699179,2,1,1636,1964,15.000000,12.652800,33300,no
207,BUY,-0.772449,21:07:23.353127322,no,-,-,-,-,0.100000,10.000000,0.699179,2,1,1641,1959,15.000000,12.614200,33300,no
208,BUY,-0.249910,21:07:23.353127322,no,-,-,-,-,0.100000,10.000000,0.699179,2,1,1645,1955,15.000000,12.583500,33300,no
209,BUY,-0.079896,21:07:23.353127322,no,-,-,-,-,0.100000,10.000000,0.699179,2,1,1647,1953,15.000000,12.568300,33300,no
210,BUY,-0.208765,21:07:23.353127322,no,-,-,-,-,0.100000,10.000000,0.699179,2,1,1652,1948,15.000000,12.530200,33300,no
211,BUY,0.306785,21:07:23.353127322,yes,5.690000,ask1,1000,00:00:00.000037959,0.100000,10.000000,0.699179,2,1,1656,1944,15.000000,12.500000,33300,no
212,BUY,0.790368,21:07:23.353127322,yes,5.690000,ask1,1000,00:00:00.000037946,0.100000,10.000000,0.699179,2,1,1662,1938,15.000000,12.454800,33300,no
213,BUY,1.353387,21:07:23.353127322,yes,5.690000,ask1,1000,00:00:00.000036391,0.100000,10.000000,0.699179,2,1,1666,1934,15.000000,12.424900,33300,no
214,BUY,0.526942,21:07:23.353127322,yes,5.690000,ask1,1000,00:00:00.000036253,0.100000,10.000000,0.699179,2,1,1668,1932,15.000000,12.410000,33300,no
215,BUY,-0.351336,21:07:23.353127322,no,-,-,-,-,0.100000,10.000000,0.699179,2,1,1673,1927,15.000000,12.372900,33300,no
216,BUY,0.388921,21:07:23.353127322,yes,5.750000,ask1,33300,00:00:00.000031137,0.100000,10.000000,0.699179,2,1,4927,-1327,15.000000,4.201300,33300,yes
217,BUY,0.162002,21:07:23.353127322,yes,5.750000,ask1,33300,00:00:00.000024198,0.100000,10.000000,0.699179,2,1,4933,-1333,15.000000,4.196200,33300,yes
218,BUY,-2.723755,21:07:23.353127322,yes,5.740000,bid1,33300,00:00:00.000024254,0.100000,10.000000,0.699179,2,1,4940,-1340,15.000000,4.190200,33300,yes
219,BUY,-1.975263,21:07:23.353127322,yes,5.740000,bid1,33300,00:00:00.000024426,0.100000,10.000000,0.699179,2,1,4945,-1345,15.000000,4.186000,33300,yes
220,BUY,-1.035404,21:07:23.353127322,yes,5.740000,bid1,33300,00:00:00.000039546,0.100000,10.000000,0.699179,2,1,4952,-1352,15.000000,4.180100,33300,yes
221,BUY,-1.114341,21:07:23.353127322,yes,5.740000,bid1,33300,00:00:00.000025757,0.100000,10.000000,0.699179,2,1,4958,-1358,15.000000,4.175000,33300,yes
222,BUY,-1.339805,21:07:23.353127322,yes,5.740000,bid1,33300,00:00:00.000024113,0.100000,10.000000,0.699179,2,1,4964,-1364,15.000000,4.170000,33300,yes
223,BUY,-2.154647,21:07:23.353127322,yes,5.740000,bid1,33300,00:00:00.000024318,0.100000,10.000000,0.699179,2,1,4969,-1369,15.000000,4.165800,33300,yes
224,BUY,-1.696806,21:07:23.353127322,yes,5.740000,bid1,33300,00:00:00.000024789,0.100000,10.000000,0.699179,2,1,4976,-1376,15.000000,4.159900,33300,yes
225,BUY,-4.090158,21:07:23.353127322,yes,5.740000,bid1,33300,00:00:00.000025846,0.100000,10.000000,0.699179,2,1,4983,-1383,15.000000,4.154100,33300,yes
226,BUY,-2.656621,21:07:23.353127322,yes,5.740000,bid1,33300,00:00:00.000054237,0.100000,10.000000,0.699179,2,1,4989,-1389,15.000000,4.149100,33300,yes
227,BUY,-2.670618,21:07:23.353127322,yes,5.740000,bid1,33300,00:00:00.000083043,0.100000,10.000000,0.699179,2,1,4997,-1397,15.000000,4.142400,33300,yes
228,BUY,-4.020980,21:07:23.353127322,yes,5.740000,bid1,33300,00:00:00.000025889,0.100000,10.000000,0.699179,2,1,5002,-1402,15.000000,4.138300,33300,yes
229,BUY,-4.179949,21:07:23.353127322,yes,5.740000,bid1,33300,00:00:00.000025651,0.100000,10.000000,0.699179,2,1,5008,-1408,15.000000,4.133300,33300,yes
230,BUY,-3.123050,21:07:23.353127322,yes,5.740000,bid1,33300,00:00:00.000024446,0.100000,10.000000,0.699179,2,1,5014,-1414,15.000000,4.128400,33300,yes
231,BUY,-3.898174,21:07:23.353127322,yes,5.740000,bid1,33300,00:00:00.000025103,0.100000,10.000000,0.699179,2,1,5019,-1419,15.000000,4.124300,33300,yes
232,BUY,-2.760790,21:07:23.353127322,yes,5.740000,bid1,33300,00:00:00.000026363,0.100000,10.000000,0.699179,2,1,5025,-1425,15.000000,4.119400,33300,yes
233,BUY,-2.161807,21:07:23.353127322,yes,5.740000,bid1,33300,00:00:00.000024594,0.100000,10.000000,0.699179,2,1,5030,-1430,15.000000,4.115300,33300,yes
234,BUY,-2.908240,21:07:23.353127322,yes,5.740000,bid1,33300,00:00:00.000023866,0.100000,10.000000,0.699179,2,1,5034,-1434,15.000000,4.112000,33300,yes
235,BUY,-4.094707,21:07:23.353127322,yes,5.740000,bid1,33300,00:00:00.000024570,0.100000,10.000000,0.699179,2,1,5038,-1438,15.000000,4.108700,33300,yes
236,BUY,-3.249444,21:07:23.353127322,yes,5.740000,bid1,33300,00:00:00.000026227,0.100000,10.000000,0.699179,2,1,5045,-1445,15.000000,4.103000,33300,yes
237,BUY,-2.968107,21:07:23.353127322,yes,5.740000,bid1,33300,00:00:00.000024789,0.100000,10.000000,0.699179,2,1,5052,-1452,15.000000,4.097300,33300,yes
238,BUY,-0.999356,21:07:23.353127322,yes,5.730000,bid1,33300,00:00:00.000026110,0.100000,10.000000,0.699179,2,1,5057,-1457,15.000000,4.093300,33300,yes
239,BUY,-0.809866,21:07:23.353127322,yes,5.740000,bid1,33300,00:00:00.000023438,0.100000,10.000000,0.699179,2,1,5062,-1462,15.000000,4.089200,33300,yes
240,BUY,-0.780944,21:07:23.353127322,yes,5.740000,bid1,33300,00:00:00.000026135,0.100000,10.000000,0.699179,2,1,5068,-1468,15.000000,4.084400,33300,yes
241,BUY,-1.393338,21:07:23.353127322,yes,5.740000,bid1,33300,00:00:00.000024028,0.100000,10.000000,0.699179,2,1,5071,-1471,15.000000,4.082000,33300,yes
242,BUY,-1.075707,21:07:23.353127322,yes,5.740000,bid1,21600,00:00:00.000030576,0.100000,10.000000,0.699179,2,1,5074,-1474,15.000000,8.159200,12600,yes
